2756 4620
462 299 830 368 cuaoaooalrrul.
1119 289 1188 362 169

98 451 201 532 dp'psoc
222 444 301 530 ύβύα
322 445 396 516 “int
414 451 533 516 o'onr'da
553 449 609 516 καί
628 455 811 534 βασιλίσκω
830 453 961 538 ἐπέβης,
979 449 1034 518 καί
1052 453 1189 518 κατεπολ.

98 571 200 630 τησας
221 552 331 614 λέοντα
362 548 416 614 καί
449 553 632 636 δράκοντο.”
673 549 727 616 κατ’
746 549 846 628 σύκοις
865 552 1054 627 α’ποστειλας
1073 551 1191 626 αύτούς

101 651 137 712 ἐν
159 651 204 738 τῷΙ
223 651 358 736 κυνηγίῳ
380 645 601 736 ύπεκεφύλισε.
655 651 841 716 Καλλίνικον
859 654 895 716 δὲ
916 651 969 717 τὸν
989 650 1190 736 πατριάρχην

101 743 273 834 τοφλσύσας
294 745 437 831 ἐξώρισε,
459 753 514 814 καί
534 748 667 826 πολλούς
689 751 751 814 τῶν
770 743 866 816 ὄντων
886 753 920 816 ἐν
939 755 979 838 τῇ
995 747 1084 816 πόλει
1102 743 1191 814 ύπού-

76 855 175 912 sisar
192 844 343 936 θανύτιρ,
376 843 454 914 ὥστε
482 849 584 936 φόβον
607 850 708 933 μέγαν
734 851 890 934 γενέσθαι.
940 848 1128 926 ἀποστείλας
1144 849 1191 914 ’δὲ

101 939 203 1028 ἤγαγε
225 946 396 1029 Θεοδύραν
418 944 476 1032 τήν
497 951 532 1014 ἐκ
553 951 723 1032 Χαζαρίας
752 947 808 1014 κατ’
830 951 975 1034 Τιβέριον
993 945 1066 1014 arida
1085 947 1192 1034 ούτῆς,

104 1047 165 1108 καί
184 1049 456 1128 συνεβασίλευσαν
480 1049 573 1134 αύτῷ.
617 1044 717 1124 λύοας
737 1049 773 1112 di
792 1047 850 1132 τὴν
868 1045 992 1132 εἰρήνην
1012 1047 1193 1112 τύνΒοολ-

102 1143 214 1228 γάρτοι
245 1146 473 1230 ἐπεστράτευσε
500 1151 570 1212 κατ’
605 1149 730 1228 αύτιόν,
763 1143 818 1212 καί
847 1149 1115 1231 καταπολεμηθεὶς
1146 1148 1193 1220 είς

104 1244 265 1328 φρούριον
285 1247 459 1331 κατέφαγε,
490 1250 545 1312 καί
569 1245 644 1322 τούς
671 1249 785 1322 innova
806 1242 1052 1331 stomacatione,
1086 1247 1131 1322 εἰς
1151 1243 1191 1308 τύ

60 1363 95 1417 ιο
104 1345 215 1429 σκάφη
236 1341 371 1426 ἐπιβάς,
391 1348 458 1426 μετ’
480 1342 634 1430 αἰσχύνης
662 1338 760 1427 ἦλθεν
786 1349 820 1412 ε’ν
847 1340 1192 1412 Κανοταντινοαπύλει.

105 1443 326 1528 Χερσοονίταις
347 1446 383 1510 δὲ
402 1447 601 1530 μνησικακῶν
620 1441 683 1510 ἀπὸ
698 1447 753 1528 τῆς
774 1447 897 1526 ίξορίας
918 1443 1025 1526 αύτού,
1047 1443 1193 1508 ἀποστεί-

102 1548 164 1618 λας
183 1543 325 1624 Μαύρον
353 1542 514 1626 πατρίκιοι
533 1544 708 1630 κατέσφαξε
730 1545 785 1608 καί
796 1540 834 1608 τοὶ
854 1543 951 1626 νήπια
972 1541 1078 1606 αύτῶν
1098 1565 1194 1626 κατη-

103 1639 252 1728 δύφιοεν.
293 1637 310 1707 ὁ
332 1645 367 1708 δὲ
390 1643 584 1720 Φιλιππιπός
606 1643 622 1708 o‘
645 1638 879 1728 καίΒαρδύνης
901 1644 999 1706 ἐκεῖσε
1021 1633 1066 1706 cdv
1088 1639 1195 1726 ἐξόρι-

102 1765 196 1822 στος,
216 1741 276 1805 καί
292 1765 380 1818 τινας
410 1745 472 1806 τοῖν
493 1745 691 1826 στρατιωτῶν
718 1738 937 1815 ύπονοθεύσας
965 1742 1020 1804 καί
1039 1736 1118 1822 πρὸς
1137 1739 1196 1824 την

61 1865 95 1918 15
105 1839 205 1906 αύτού
227 1837 361 1916 ἑλκύσας
388 1836 527 1924 εὔνοιαν,
558 1841 609 1906 διὰ
631 1839 689 1924 τήν
719 1845 777 1908 τού
794 1841 1020 1906 Ἰοοστινιανού
1041 1833 1195 1922 ἀπήνειαν

102 1941 160 2007 καί
179 1933 323 2025 ύμύτητα
344 1941 456 2006 τοῦτον
476 1939 666 2027 εύφὴμησαν
687 1943 732 2018 είς
750 1944 885 2022 βασιλέα
907 1941 961 2004 κατ’
978 1935 1059 2019 μετὰ
1080 1936 1195 2004 στύλον

101 2043 316 2122 προύπεμψαν
328 2041 361 2104 ἐν
378 2043 416 2128 τῇ
430 2039 531 2105 πόλει·
549 2039 626 2124 ὅπερ
644 2039 734 2123 γνούς
748 2039 765 2104 o‘
783 2039 1012 2118 ’ίοσστινιανύς,
1025 2035 1078 2104 ἐντί
1090 2043 1195 2102 πλεῖον

104 2137 262 2226 φοβηθείς
283 2137 338 2204 κατ’
350 2143 532 2222 θυμωθείς,
555 2134 673 2224 ἀνῆλθε
692 2145 789 2223 μέχρι
812 2136 954 2223 Σινώπης
975 2140 1196 2222 α’κριβίστερον

103 2241 181 2322 περί
201 2235 315 2302 τούτου
335 2240 565 2323 μαθησόμενος.
606 2242 664 2306 τού
686 2241 721 2304 dd
741 2239 935 2304 Φιλιππικού
948 2235 1009 2302 σύν
1030 2240 1075 2324 τῷ
1096 2232 1193 2324 στύλρι

58 2335 164 2418 :torris
198 2334 287 2402 πόλιν
322 2341 553 2419 καταλαβόντος
583 2335 801 2412 Ἰοοοτινιανύς
828 2337 908 2420 πρὸς
936 2335 991 2404 τόν
1017 2332 1195 2418 Δαματρύν

105 2429 257 2522 clutton,
285 2440 509 2524 καταλειφθείς
535 2437 595 2504 sind
615 2437 762 2502 πάντων·
811 2434 848 2501 dv
868 2437 982 2501 αύτίκα
1004 2433 1195 2510 Φιλιππικός

104 2635 276 2717 &tintam-

102 2894 205 2958 “super
222 2887 341 2958 aspidem
360 2895 389 2942 et
405 2889 558 2944 basiliscum
577 2889 747 2942 ambulavirti
769 2895 798 2941 et
814 2887 920 2940 leonem
931 2901 962 2938 ac
974 2885 1115 2938 draconem
1132 2883 1189 2936 oal-

102 2957 223 3010 oaristi.”
259 2959 323 3012 inda
345 2975 390 3012 eos
415 2961 445 3014 in
462 2961 602 3030 cynegium
621 2963 713 3012 missos
738 2960 825 3029 capite
848 2957 965 3010 truncari
982 2955 1070 3008 iussit.
1106 2953 1190 3007 Calli·

102 3030 194 3081 nicom
214 3029 391 3098 patriarcham
408 3033 493 3084 oculis
511 3033 633 3084 orbatum
654 3031 683 3083 in
701 3031 810 3082 axilium
836 3029 916 3094 misit,
934 3027 1087 3096 multosque
1106 3043 1138 3077 ex
1156 3025 1190 3077 iis

122 3101 150 3150 ui
170 3101 199 3152 in
218 3099 284 3151 urhe
302 3109 379 3154 erant
396 3102 514 3174 perdidit
531 3104 610 3154 itaut
627 3119 737 3171 magnus
755 3101 836 3152 timor
856 3100 980 3152 oriretur.
1017 3095 1188 3149 Theodoram

102 3115 264 3222 ghazaream
287 3173 399 3242 eiusque
420 3173 505 3225 filium
524 3171 664 3226 Tiberium
687 3171 802 3222 adclusit
826 3172 873 3240 qui
892 3185 1022 3221 unacum
1043 3185 1075 3219 eo
1094 3182 1189 3234 regna-

102 3251 176 3293 runt.
222 3249 301 3312 rupta
326 3259 408 3312 paco,
426 3261 505 3328 quam
528 3261 587 3296 curu
613 3244 733 3310 Balgaris
750 3243 859 3306 inierat,
878 3240 981 3292 bellum
998 3239 1031 3290 iis
1050 3237 1145 3288 intulit
1162 3245 1190 3288 at

100 3313 189 3364 victos
205 3312 234 3362 in
255 3322 370 3365 castrum
388 3313 473 3382 sugat3
493 3314 593 3366 deinde
614 3331 743 3384 equorum
769 3327 876 3364 suorum
894 3311 982 3364 nervis
999 3309 1089 3362 incisis
1109 3323 1189 3359 εοεαε

101 3383 245 3451 ingressus,
263 3401 323 3436 cum
342 3383 473 3438 dedecore
491 3385 594 3456 Cpolim
614 3385 697 3436 vonit.
732 3399 835 3435 memor
854 3382 993 3444 malorum,
1012 3396 1081 3450 quae
1102 3377 1189 3430 Cher-

101 3469 230 3506 aooeaees
249 3462 342 3506 contra
361 3471 399 3520 εε,
417 3473 499 3526 quum
518 3457 546 3506 in
565 3455 647 3506 axilio
660 3463 739 3518 esset,
756 3453 845 3506 moliti
863 3459 949 3516 arant,
962 3451 1054 3502 Mauso
1073 3447 1187 3519 patricio

101 3525 183 3576 misso
204 3540 252 3576 eos
283 3525 426 3578 trucidavit
454 3535 482 3579 et
506 3525 622 3578 infantes
651 3527 802 3596 prostravit
837 3522 1001 3594 Philippicas
1020 3529 1119 3580 autem,
1140 3517 1187 3588 qui

102 3593 185 3645 etiam
202 3593 352 3658 Uardanes,
374 3598 506 3666 corruptis
523 3597 663 3648 nonnullis
687 3595 816 3650 militibus
837 3601 866 3646 et
881 3595 910 3646 in
929 3609 1002 3644 suam
1020 3591 1188 3642 voluntatem

102 3667 194 3716 tractis
211 3674 322 3736 propter
339 3668 482 3720 lastiniani
500 3668 668 3720 inimicitiam
690 3675 718 3718 et
739 3663 925 3718 crudelitatem
942 3661 1038 3714 faustis
1057 3661 1187 3712 acclama·

102 3735 225 3787 tionibus
244 3753 290 3788 rex
312 3747 415 3790 creatus
435 3745 476 3790 est
493 3746 521 3791 et
538 3755 596 3790 cum
616 3739 699 3790 classa
727 3737 756 3788 in
775 3735 988 3788 arbemhoissus.
1024 3731 1121 3801 quibua
1141 3747 1187 3783 co-

102 3807 194 3874 gnitiu
213 3807 376 3861 lastinianus
402 3809 483 3876 magis
512 3808 655 3861 exterritus
673 3815 702 3860 at
719 3807 801 3859 iratus
829 3821 914 3876 usqua
933 3802 967 3854 ad
985 3801 1105 3871 Sinopen
1121 3819 1188 3872 pro-

103 3875 191 3928 iectus
209 3884 258 3940 est,
276 3887 307 3929 ut
323 3881 471 3931 accuratius
490 3875 524 3931 do
544 3895 572 3932 re
589 3877 704 3932 audiret.
748 3893 831 3948 quum
850 3883 939 3927 autam
955 3871 1121 3944 Philippicas
1141 3889 1187 3924 ur·

102 3946 165 3998 bem
182 3963 242 3998 eum
261 3947 346 4001 classe
374 3959 538 4020 occupasset,
559 3951 703 4018 Damatrya
726 3947 849 4018 confugit
863 3945 1037 4007 lastinianus,
1064 3943 1186 3996 desertus

103 4017 136 4140 ap
152 4017 285 4071 omnibus.
322 4019 488 4094 Philippicas
507 4021 645 4092 extemplo
662 4037 722 4073 eom
736 4018 808 4090 cepit
828 4025 856 4070 et
872 4023 954 4088 caput
970 4014 1101 4069 abscisum
1120 4013 1187 4082 scy-

102 4095 113 4140 t
135 4089 156 4141 is
173 4089 256 4140 misit.
