2750 4602
228 195 302 272 470
505 167 509 174 ’
651 209 903 274 nummulus

226 357 389 444 βάρβαρον
410 361 581 445 ἐφείδοντο,
602 361 658 424 καί
674 356 812 440 μάλιστα
836 359 994 442 κυναρίων
1014 358 1058 434 ὥς
1075 359 1322 424 καθυλακτούν.

168 471 292 526 wlleus
313 458 370 524 καί
389 459 635 542 έπετρεχόνεοον·
692 459 742 522 slsc'
771 461 826 524 καί
852 457 961 523 αύτούν
986 457 1101 542 ἧκαθ’
1118 458 1205 539 ἡμᾶς
1228 461 1326 532 πόλις

230 557 406 624 έσπάνισεν.
461 554 495 622 εἴ
509 581 541 622 τι
563 559 598 622 άὲ
617 579 680 622 που
699 559 754 623 καί
778 561 999 644 αεριλέλειπτο,
1021 556 1135 642 άνδρύς
1154 561 1216 640 μὲν
1233 555 1324 622 Ῥου-

226 660 325 738 μαίου
346 654 543 740 βατεβάύσεν
562 651 601 722 ds
617 661 675 746 Ικαί
694 661 886 742 κατέδραμε,
917 661 1046 746 Λατίνῳ
1066 659 1102 720 δὲ
1122 655 1323 739 ὑπεξεχώρει

226 756 436 838 κνυζούμενον·
478 758 616 840 κατέγνω
645 755 707 840 γάρ
737 765 791 822 καί
818 755 856 822 τά
885 759 1017 822 τοιαῦτα
1049 749 1082 823 cl
1106 757 1204 818 κακού
1227 749 1347 838 dnum

228 861 283 922 καί
305 851 370 938 εἶχε
400 855 743 940 παροιμιάσασθαίτις
772 855 841 923 τότε
869 855 947 922 κατά
969 854 1044 931 τούς
1065 859 1099 922 έν
1120 858 1250 942 Σερίφῳ
1271 879 1322 918 οε-

227 957 349 1040 ymarus
371 955 556 1038 βατράχους
574 955 633 1020 καί
642 979 730 1031 τινας
751 953 910 1029 τοιούτους
932 953 1070 1031 Ἰταλούς
1088 957 1243 1036 τέττιγας,
1264 949 1322 1016 ού-

228 1080 273 1120 ττυ
295 1056 351 1120 καί
370 1055 466 1130 κύνας
489 1051 637 1138 α’φιύνους
654 1054 731 1131 τούς
751 1061 825 1138 παρ’
846 1054 931 1136 ἡμῖν.

335 1153 406 1219 Καί
434 1145 603 1238 άμφάέους
633 1157 692 1234 μὲν
718 1155 970 1236 καταερέχεσθαε
998 1155 1053 1216 καί
1079 1152 1179 1228 οίκίας
1200 1153 1260 1214 ούκ
1283 1145 1325 1214 εὖ

229 1251 366 1336 πάσχειν
386 1253 444 1316 ούκ
465 1246 505 1316 άν
532 1253 576 1328 είς
598 1255 702 1337 μάχης
734 1249 973 1338 καινοαράχημα
1005 1255 1077 1334 θείη
1095 1275 1168 1326 τις·
1211 1252 1361 1323 θείουςιο

230 1355 267 1420 δὲ
287 1354 383 1428 ναούς
402 1357 634 1437 τυραννεῖσθαι,
656 1350 735 1418 itti
758 1355 852 1417 scalen
873 1355 1033 1440 θεομαχίρ
1053 1353 1180 1434 κρίνοιτ’
1201 1342 1245 1414 άν
1264 1349 1325 1430 dy·

230 1457 377 1536 χίθυρον.
419 1453 630 1537 εἰσερέχοντες
649 1449 710 1535 γάρ
731 1451 785 1516 καί
804 1454 849 1528 είς
871 1451 987 1528 αύτούς
1011 1447 1160 1526 ἑκάστους
1184 1446 1213 1513 ού
1237 1447 1325 1530 βάρ-

231 1555 327 1636 βαροι
347 1549 473 1616 ε’ποίουν
507 1552 660 1616 πάνδεινα
688 1555 743 1616 καί
763 1543 814 1616 οἷα
844 1547 918 1614 θεὸν
944 1552 1097 1632 ἐρεθίζειν
1119 1551 1164 1623 είς
1186 1541 1323 1630 ύμυναν.

233 1654 288 1714 κατ’
316 1645 412 1725 ὅσους
443 1653 502 1730 μὲν
530 1649 637 1732 ἱερούς
667 1643 807 1734 ἄνδρας,
834 1653 1124 1732 τεθωρακισμένους
1154 1638 1220 1711 οἷον
1252 1657 1323 1720 ταῖς

233 1749 422 1831 άχιωτέραις
453 1751 515 1816 τοῖν
533 1753 660 1836 υτολιὸν,
684 1753 888 1830 κατέκοπτον,
910 1747 985 1822 τούς
1005 1751 1131 1823 πλείους
1149 1749 1196 1822 εἰς
1216 1745 1326 1810 θάνα-
1334 1756 1361 1806 15

232 1869 305 1932 τον,
331 1845 406 1925 τούς
429 1853 488 1930 μέν
508 1851 557 1913 ἐπ’
579 1850 680 1917 αύτού
698 1852 756 1914 τού
782 1851 894 1914 ένθέου
922 1846 1082 1932 βήματος,
1112 1847 1185 1922 τούς
1212 1847 1250 1908 δὲ
1270 1846 1327 1908 κατ’
1358 1921 1361 1926 Ι

234 1947 341 2028 έκτάς,
370 1943 444 2012 dnos
471 1946 552 2034 τύχῃ
573 1943 696 2030 εύροτεν
725 1945 754 2012 οἱ
778 1948 929 2034 φονευταί
958 1945 1108 2020 ε’νστάτας
1127 1943 1214 2028 παρά
1238 1947 1324 2032 θεῷ·

235 2051 291 2112 καί
311 2045 386 2113 ὅσον
409 2049 445 2111 δέ
467 2047 585 2130 laisida,
607 2045 640 2110 oi
657 2051 716 2110 τού
735 2049 889 2128 στόματος
903 2042 1042 2129 πλήρους
1063 2037 1152 2121 ὄντος
1168 2047 1227 2109 τού
1249 2044 1325 2108 “arai-

237 2171 288 2231 ρεε
318 2147 464 2232 ε’λέησον”
494 2143 719 2231 άπρράσσαντο
740 2145 795 2222 τάς
819 2144 973 2232 κεφαλάς,
996 2144 1272 2226 ε’πανακρινύμενοι
1295 2147 1329 2208 τί

237 2245 271 2312 τά
296 2242 407 2330 “κο’ρεε
427 2247 581 2330 έλὲησον,”
601 2246 656 2308 καί
668 2245 845 2328 γελώμενον.
861 2243 894 2308 αἱ
915 2247 950 2308 δὲ
966 2242 1043 2308 κατά
1064 2243 1210 2324 λαγνείαν
1220 2261 1360 2326 ppos-il

236 2353 345 2412 θεῖσαι
367 2349 479 2428 σεμνοί
505 2353 650 2428 γυναῖκες
670 2347 704 2408 έν
732 2353 797 2420 τοῖς
829 2343 925 2428 ἱεροῖς
957 2342 1012 2410 καί
1033 2344 1079 2416 είς
1100 2343 1229 2424 άγνειάν
1249 2347 1323 2425 dur,-

239 2453 446 2529 ρεασθεῖσαε,
470 2443 540 2509 ἰδού
562 2448 641 2528 εἰσι,
673 2447 728 2508 καί
747 2447 1003 2528 πρεσβευέτοοσαν
1022 2441 1101 2506 κατά
1122 2443 1184 2505 τῶν
1206 2445 1322 2521 αἰτίαν,

238 2545 273 2611 αἲ
296 2545 357 2611 siud
381 2545 485 2628 γάμου
508 2545 616 2630 ζυγόν,
653 2543 687 2608 αἱ
707 2541 761 2608 διά
794 2547 969 2626 παρθενίαν
990 2537 1112 2622 ύνεεοι,
1146 2540 1179 2607 αἱ
1200 2542 1321 2626 νύμφαι

240 2835 301 2886 dem
322 2833 483 2887 animalibus
502 2835 607 2888 barbari
628 2837 788 2906 parcebant,
810 2835 940 2888 caniculis
965 2836 1089 2900 maxime,
1107 2843 1205 2906 utpote
1223 2837 1324 2888 latran-

240 2907 313 2957 tibus
332 2906 600 2978 accurrentibusque:
620 2905 691 2960 unde
709 2910 790 2959 etiam
810 2925 906 2959 canum
925 2907 972 2958 ilia
990 2907 1102 2978 penuria
1121 2917 1263 2960 consecuta
1285 2915 1323 2958 est

240 2977 268 3026 in
288 2975 353 3026 urbe
372 2985 478 3044 nostra,
496 2995 558 3030 nam
577 2979 599 3030 si
618 2979 687 3030 lortc
709 2995 777 3030 unus
798 2979 842 3030 vel
867 2980 935 3031 alter
955 2977 1064 3030 relictus
1086 2986 1136 3042 est,
1154 2978 1323 3030 allatraverat

239 3047 263 3098 is
283 3055 311 3098 et
328 3047 464 3101 invaserat
482 3052 624 3114 Romanos,
645 3049 748 3100 Latinis
767 3047 861 3100 devia
880 3047 1032 3102 decesserat
1052 3065 1112 3100 cum
1134 3050 1260 3116 gannitu:
1281 3049 1324 3098 in-

238 3117 402 3171 tellexerant
425 3120 526 3190 quippe
546 3121 626 3172 etlam
651 3119 860 3183 illuminalio,
879 3121 1026 3190 loquente
1047 3120 1154 3170 miseria
1172 3128 1273 3170 esseut.
1295 3136 1325 3168 ac

238 3189 325 3260 possit
343 3191 403 3260 quis
430 3207 490 3241 cum
518 3191 589 3242 ranis
615 3191 722 3260 Seriphi
745 3191 851 3243 insulae
874 3193 955 3242 mutis
980 3189 1134 3260 cicadisque
1160 3189 1226 3242 item
1252 3189 1326 3242 ltalia

239 3275 320 3312 canes
344 3268 450 3312 nostrus
474 3269 530 3313 tuna
549 3261 674 3314 similiter
700 3263 822 3330 elingues
850 3263 979 3314 conferre.

292 3347 434 3399 Enimvero
449 3347 523 3417 quod
541 3349 569 3400 in
584 3349 633 3400 riis
651 3357 836 3400 concursatum
854 3358 894 3402 est
913 3357 941 3402 et
951 3357 1061 3402 vexatae
1074 3349 1137 3402 slent
1149 3347 1252 3407 domus.
1272 3365 1325 3400 resn

241 3419 269 3470 in
291 3417 365 3470 bello
383 3419 493 3470 minime
524 3419 616 3470 miram
643 3421 775 3490 quispiam
803 3419 1004 3492 dixerit3quod
1023 3428 1113 3472 eutem
1132 3437 1204 3472 secra
1225 3419 1326 3489 templa

241 3487 436 3552 laedebantur,
469 3489 498 3540 isl
516 3507 578 3541 vero
607 3508 713 3560 pugnae
745 3489 869 3543 adversus
889 3490 968 3542 deum
997 3501 1137 3560 susceptae
1155 3489 1242 3543 simile
1262 3498 1324 3540 erat

242 3561 342 3612 etenim
360 3561 450 3613 omnia
479 3561 579 3630 templa
601 3561 709 3630 ingressi
732 3561 839 3612 barbari
867 3564 972 3614 uetusta
991 3564 1140 3634 putrebunt,
1159 3579 1230 3632 quae
1248 3561 1325 3611 desim

240 3631 277 3682 ad
294 3631 498 3702 propellendam
517 3633 639 3682 iniurium
666 3648 812 3702 provocare
834 3632 997 3685 cislsrentur.
1015 3643 1083 3704 quot
1102 3633 1144 3684 illi
1163 3631 1325 3690 sacerdotes,

241 3703 316 3771 quasi
335 3711 450 3755 armatos
476 3703 557 3754 sacris
572 3703 664 3764 stolis,
693 3705 837 3772 plerosque
862 3702 896 3754 ad
916 3720 1027 3767 necem,
1047 3703 1244 3773 percutiebant,
1259 3705 1341 3767 alios

240 3773 268 3822 in
291 3775 350 3844 ipso
372 3789 447 3824 sacro
467 3781 610 3842 suggesto,
641 3773 707 3826 alios
726 3774 807 3836 loris,
834 3771 989 3844 ubicunque
1013 3773 1166 3826 homicidae
1193 3775 1326 3826 ministros

241 3839 285 3894 dei
303 3842 484 3896 invenissent!
504 3843 679 3912 quotidem,
697 3845 742 3916 qui
762 3844 844 3914 pleno
864 3862 909 3897 ore
929 3853 1068 3914 precantes
1088 3843 1229 3908 “domine‚
1251 3846 1325 3896 mise-

242 3917 324 3972 rere,''
349 3917 436 3982 capite
450 3913 651 3976 truncabantur,
692 3915 737 3966 uid
750 3913 818 3966 illud
832 3925 902 3968 esset
917 3915 1044 3968 “siumine
1061 3917 1213 3978 miserere'',
1246 3915 1326 3982 rogati

241 3991 323 4050 atque
338 3982 428 4034 derisi.
447 3984 563 4036 feminae
576 3993 664 4036 autem
703 3995 822 4048 onustae,
838 3987 865 4038 in
879 3983 986 4056 templis
998 3987 1136 4038 salacitate
1155 3985 1324 4036 barbarorum

241 4053 362 4120 pollutas
393 4063 419 4104 et
447 4055 576 4107 castitatis
603 4054 699 4108 decore
728 4058 864 4126 privatae,
893 4057 1018 4109 adversus
1043 4057 1136 4110 noxios
1165 4056 1324 4125 prodeunte.
