2776 4612
254 291 309 353 οε
325 285 631 354 messurourcl
653 291 680 350 λ
700 285 857 350 utrius
877 287 1020 353 curru
1098 272 1170 350 ενι

85 431 268 520 φθάσαντες
289 435 441 520 ἐνέβησαν
456 430 573 511 adroic
589 427 695 516 ὅρκοις
713 436 758 512 είς
779 433 885 499 ιιίστιυ
904 438 949 522 rapi
968 457 1001 498 rs
1017 431 1176 516 Μανουῆλ

84 532 142 598 καί
160 535 203 622 τῷ
217 534 431 623 όιαδεξαμένῳ
447 532 547 599 αότόν
564 531 624 623 υἱῷ
640 533 780 622 Ἀλεξίτρ.
798 525 886 618 ἤχθη
904 537 940 599 δέ
959 536 1014 597 καί
1032 530 1112 614 τιρός
1123 533 1177 598 τόν

85 632 170 718 ῥῆγα
189 635 332 710 Σικελίας
353 629 369 698 ό
389 635 530 709 τοιοῦτος
553 632 688 708 τιλαοτός
707 633 869 716 βασιλεός.
910 635 966 697 καί
986 630 1003 696 ό
1026 635 1087 712 μὲν
1110 635 1177 696 Κο-

85 729 203 816 μνιγνός
217 725 367 814 Ἀλέξισς,
390 731 408 796 ό
430 731 487 797 τόν
504 734 631 798 Σικελὸν
651 733 810 817 ἐρεθίσας,
830 721 944 816 ἤλεγχε
963 729 1019 795 τόν
1040 728 1177 814 α’γροισό.

60 847 145 914 irps
163 833 271 896 τοῦτον
300 835 417 918 παῖδα,
445 835 500 897 καί
523 834 559 897 di
590 835 645 896 καί
666 827 698 896 oi
718 827 777 896 σόν
807 831 912 920 αότῷ·
955 827 983 895 oi
1005 833 1041 896 dl
1062 831 1097 895 ἐκ
1115 833 1177 896 τεόν

87 933 192 996 turer
208 930 413 1013 ε’βεβαιοῦντο
433 925 473 996 τό
506 925 552 997 ότι
571 928 660 1014 μόλα
685 927 741 995 καί
760 929 1028 1015 ἀπηκριβωμένως
1047 933 1177 996 ἐπίστα-

87 1033 169 1094 σθαι
188 1027 286 1094 αότόν
312 1031 431 1096 ἐκεῖνον
463 1025 543 1096 εἶναι
564 1028 621 1096 τόν
640 1031 741 1096 παῖδα
767 1031 824 1094 rosi
845 1027 1015 1113 Μανουήλ,
1035 1029 1115 1114 όντέρ
1139 1021 1177 1094 od

87 1131 144 1194 καί
166 1127 399 1194 ἀποθανεῖσθαι
423 1127 552 1206 αότοός.
607 1132 696 1207 τέλος
725 1131 760 1196 δέ
791 1126 808 1192 ό
835 1131 893 1210 μέν
913 1127 1057 1210 Σικελός,
1077 1132 1109 1193 τί
1125 1127 1180 1193 καί

87 1230 228 1312 ἐντέγνω,
250 1230 348 1315 φασί,
378 1228 414 1295 τό
443 1232 577 1316 σ’λτγθές,
603 1221 687 1310 ὅμως
707 1224 881 1312 ττιισμονήν
913 1229 1000 1298 ίόίαν
1020 1223 1104 1310 ἐχειν
1125 1227 1180 1293 καί

46 1331 148 1394 10τοῦ
175 1325 292 1414 θρόνου
321 1328 685 1404 Κωνυταντινουιτόλιως
719 1329 904 1418 ἐφιέμενος,
932 1327 962 1392 oi
993 1327 1029 1392 dl
1058 1327 1180 1394 ἐθνικοί

84 1428 230 1506 Ἀλεξίου
244 1430 400 1510 βασιλέως
420 1427 550 1494 εἴδωλον
580 1425 642 1514 ττρό
664 1431 719 1510 τῆς
741 1432 918 1514 φαντασίας
937 1431 1087 1514 φέροντες
1110 1427 1179 1510 (τόν

86 1525 147 1612 γόρ
177 1529 358 1610 όηλωθέντα
382 1532 483 1592 παῖδα
503 1528 523 1613 ἦ
545 1529 672 1592 Σικελία
692 1524 761 1610 ἔχει
793 1527 1029 1610 α’τιελεγχθέντα
1048 1529 1178 1611 θρέμμα

88 1622 170 1691 εἶναι
194 1625 307 1712 ἐγροό)
336 1626 392 1691 καί
422 1629 651 1710 ἐγκαταστῆσαι
678 1624 734 1710 τόν
760 1627 938 1713 φαντασίαν
970 1627 1015 1702 εἰς
1043 1627 1177 1708 βασιλέα

87 1734 152 1802 τοϊς
171 1730 431 1809 μεγαλοσολίταις
455 1727 704 1813 φρυαττόμενοι,
724 1729 885 1792 κινοῦνται
904 1731 977 1792 καθ
990 1725 1078 1812 ἢμεόν
1091 1723 1177 1810 θόρ-

49 1840 138 1892 15σετ
159 1830 283 1914 τιολλρῑ,
311 1825 368 1890 καί
385 1829 484 1892 ταῦτα
514 1826 660 1914 κωλόμης
682 1819 751 1892 odra
772 1826 860 1908 μόλα
882 1823 926 1911 μίγ
947 1827 1114 1910 σταθερός,
1134 1825 1178 1900 oie

89 1929 182 2010 ἐξῆν,
214 1927 468 2012 α’ναφαινομένιγς
492 1929 528 1992 έκ
550 1929 613 1992 τεόν
631 1925 817 2011 κρειττόνων
835 1925 1047 2010 συμβούλων,
1068 1927 1126 1990 rot·
1144 1947 1178 1991 se

89 2023 240 2109 ίερόρχυυ
270 2029 355 2112 φασί
384 2029 441 2090 τοῦ
473 2021 553 2090 κατό
588 2027 734 2091 Σικελίαν
753 2023 932 2110 Πανόρμου
963 2025 1019 2090 καί
1048 2027 1106 2090 roi
1123 2023 1179 2109 τῆς

89 2127 191 2190 ἐκεῖσε
212 2120 396 2209 Μεσσήνης,
418 2123 473 2188 καί
492 2121 616 2208 ἑτέραν,
639 2121 710 2190 όσυι
736 2124 771 2190 τό
794 2125 865 2190 όέον
885 2123 1061 2208 συνεώρων,
1086 2123 1181 2206 όγχι-

89 2227 178 2300 νοιάς
196 2245 229 2288 τε
248 2219 375 2312 στάθμῃ
401 2223 615 2308 ἐσορθοῦντες
635 2219 770 2302 ἐαυτοός
797 2225 843 2302 είς
863 2223 1038 2309 τιροόρασιν
1056 2227 1116 2288 τοῦ
1135 2223 1179 2306 μὴ

48 2318 132 2388 toris
161 2323 278 2402 ἐξεῖναι
304 2321 360 2388 τόν
379 2321 508 2388 Σικελόν
538 2321 656 2408 κόμητα
686 2325 732 2399 είς
752 2321 901 2405 κοσμικόν
921 2321 1180 2410 ἐγγραφήσεσθαι

90 2425 243 2504 βασιλέα,
264 2415 301 2496 ός
329 2423 466 2511 κοτε-τῇ
488 2422 820 2488 Κωνσταντινουττόλιι
846 2423 921 2502 όσόξ
951 2422 1180 2501 indueremur*

91 2521 127 2586 τό
153 2521 235 2608 rapti
264 2512 303 2585 εό
322 2517 408 2604 ἔχειν
426 2518 520 2606 λόγου
551 2521 611 2608 τήν
630 2523 685 2607 τῆς
709 2522 816 2608 μάχης
841 2521 1013 2608 πρόφασιν.
1055 2523 1085 2587 τί
1103 2523 1176 2605 γάρ,

91 2621 179 2707 είττερ
201 2619 218 2686 ό
237 2619 295 2707 τήν
316 2619 649 2688 Κωνσταντινοόιιολιν
670 2623 787 2689 διέπων
805 2621 1013 2707 ἐξαμαρτάνοι
1035 2623 1178 2709 φονιόων

165 2789 207 2843 ²⁵·
224 2779 276 2864 ei]
297 2783 353 2861 li?

93 2949 193 3004 mentis
212 2951 293 3004 seed
311 2951 392 3005 iidem
406 2951 606 3006 obstrinxersnt
626 2951 747 3006 ldtnueli
764 2961 793 3006 et
810 2953 902 3006 heredi
922 2956 980 3008 eius
996 2953 1102 3008 Alexio.
1121 2955 1173 3008 du-

93 3029 153 3074 etue
171 3021 251 3090 igitur
268 3031 310 3076 ert
325 3024 406 3076 etism
428 3022 462 3074 ad
480 3039 567 3092 regem
595 3025 747 3076 Siculorum
771 3025 932 3078 subditieius
951 3025 1000 3077 ille
1021 3026 1176 3098 imperator.

92 3109 125 3144 ne
145 3091 343 3162 redarguebant
372 3093 482 3163 quidem
499 3095 608 3146 Alexio·
633 3095 795 3158 Conrneuus,
812 3097 860 3166 qui
879 3097 998 3148 Siculum
1018 3096 1178 3162 irritaverat,

94 3171 123 3215 et
141 3163 170 3226 ii,
190 3165 238 3234 qui
256 3179 318 3216 eum
335 3165 525 3234 sequebantur,
545 3182 657 3234 puerum
679 3167 761 3219 istum
778 3175 921 3236 agrestem
940 3167 988 3219 sed
1009 3169 1055 3238 qui
1076 3183 1092 3220 e
1111 3185 1178 3238 gen·

94 3233 167 3286 tibus
186 3241 279 3299 erant,
296 3234 416 3304 perbene
436 3244 465 3287 et
481 3243 554 3287 certo
573 3251 653 3288 nosse
676 3253 704 3288 se
722 3235 895 3300 affirmabunt,
918 3238 1004 3290 fllium
1023 3239 1100 3290 illurn
1118 3239 1178 3290 bla-

94 3305 184 3358 nuelie
202 3319 269 3368 esse,
286 3321 335 3374 pro
355 3323 410 3376 quo
420 3305 499 3358 etiam
515 3313 628 3358 mortem
643 3309 792 3378 oppetituri
811 3316 910 3361 errent.
947 3316 1082 3378 portremo
1101 3309 1177 3361 Sicu-

94 3377 146 3438 lus,
165 3375 271 3428 etiamsi
288 3385 471 3446 perspexerat,
489 3383 520 3428 ut
532 3377 631 3439 iemut,
650 3393 751 3442 verum,
769 3387 859 3432 tamen
877 3395 954 3430 suam
971 3379 1023 3431 eibi
1040 3379 1178 3464 proprisos

94 3445 174 3500 iidem
193 3446 307 3510 habene,
326 3453 354 3498 et
372 3445 434 3498 solii
453 3447 590 3518 Cpolitani
610 3447 760 3518 cupiditate
781 3451 916 3512 inuentus,
933 3449 1110 3520 provinciales
1129 3467 1179 3502 su-

94 3525 150 3570 tem
166 3517 334 3589 imperatorie
363 3516 451 3568 Alexii
478 3518 556 3588 queri
578 3527 711 3588 spectrum
740 3521 830 3572 animo
849 3522 934 3572 seouti
953 3521 1076 3590 (puerum
1097 3519 1178 3584 enirn,

95 3587 129 3638 de
148 3604 202 3657 quo
220 3587 355 3652 diximus,
371 3587 463 3640 Sicilia
486 3597 562 3640 tenet
580 3589 691 3658 originis
710 3592 824 3643 rusticae
851 3591 1013 3660 convictum)
1030 3597 1178 3661 spectrum.

95 3674 150 3726 que
167 3659 197 3710 id
214 3659 318 3712 civitati
336 3659 496 3728 cpolitanae
513 3675 562 3728 pro
589 3659 753 3729 imperatore
774 3659 922 3714 obtrudere
944 3663 1099 3728 gestientee,
1116 3660 1178 3714 bel·

98 3727 153 3778 lum
180 3727 304 3782 adversus
331 3745 380 3782 nos
408 3745 504 3797 magna
529 3729 669 3782 elacritete
694 3739 817 3794 movent,
838 3730 994 3801 etquidem
1014 3732 1125 3783 minime
1143 3733 1193 3784 ite.

97 3797 205 3860 aeriter,
223 3808 253 3852 nt
269 3799 386 3861 licebat,
413 3816 467 3851 rem
485 3797 696 3868 impedientibus
720 3801 853 3870 primariis
872 3799 1034 3864 auctoribus,
1051 3803 1180 3871 pontifice

98 3869 219 3918 Romano
235 3879 262 3922 et
280 3871 405 3942 praesule
418 3871 637 3934 Psuormitrruna,
656 3871 858 3936 Messeniorum,
878 3873 947 3932 aliis,
969 3873 1017 3943 qui
1033 3889 1123 3926 rerum
1137 3875 1180 3925 vi-

98 3937 205 4000 derent,
224 3947 306 4009 atque
325 3951 416 3996 mente
435 3939 469 3994 ad
496 3957 615 3994 normam
636 3941 748 3994 rationis
765 3941 866 3994 directo
884 3943 1076 4012 intelligerent,
1093 3945 1179 3996 eomi-

97 4019 152 4062 tem
170 4009 309 4076 Siculum,
328 4015 374 4082 qui
403 4011 538 4084 quondam
558 4010 614 4064 dux
632 4011 728 4064 luieset
745 4011 823 4082 Cpoli
843 4011 990 4078 subtectus,
1010 4031 1066 4068 non
1080 4013 1180 4068 debers

98 4079 131 4133 ed
150 4079 292 4152 imperium
318 4085 467 4152 promoveri
486 4085 656 4146 uuiversum,
674 4099 705 4136 ετ
723 4099 758 4136 ue
779 4085 877 4138 iustam
895 4083 1004 4154 quidem
1023 4102 1089 4148 erse,
1109 4101 1181 4156 quse

98 4151 328 4224 praetenderetur,
347 4171 451 4206 causam
470 4155 546 4208 belli.
564 4155 629 4226 quid
648 4153 741 4208 enim?
776 4155 799 4208 si
820 4156 852 4220 ie,
870 4155 918 4228 qui
939 4155 1048 4227 Cpoilnr
1066 4154 1181 4210 eduini·
