2736 4624
444 255 813 322 cunonouunrull.
1121 242 1170 319 lle

11 475 13 488 ,
63 407 118 470 τόν
140 405 233 472 θεόν
256 407 415 488 σέβεσθαι
431 407 587 489 ἐδίδασκε,
617 406 673 470 καί
691 403 792 483 οότιος
810 409 844 486 ἐξ
859 407 979 472 ἐκείνου
1003 409 1172 489 συμβαίνει

63 505 121 590 τήν
141 509 211 590 γῆν
233 509 273 572 ἐκ
293 511 357 573 τῶν
375 501 508 572 λεόντων
527 509 694 592 ἠρεμῆσαι.
742 505 873 582 τοότοος
895 507 991 572 είσδτι
1014 507 1172 590 Σαμαρεί.

63 629 122 680 τας
143 603 216 671 α’πό
240 609 301 690 τῆς
328 603 439 690 χώρας
464 605 750 690 προσαγορεύωσι,
782 604 832 670 διό
857 605 913 670 καί
932 603 1093 670 α’λλόκοτοι
1114 602 1171 678 τός

65 709 294 792 προαιρέσεις,
329 703 386 770 διό
419 707 455 770 δὲ
485 704 543 788 τήν
574 709 634 770 τοῦ
653 704 754 786 νόμον
781 707 989 770 διδασκαλίαν
1016 709 1171 786 βραχεῖαν

45 803 188 887 οέχοοσι
226 807 414 887 θεοσεβείας
439 803 599 892 ἔμφασιν·
649 805 705 869 καί
725 805 793 888 ’γὰρ
823 805 898 869 aridi
928 807 982 887 τῆς
1004 803 1170 884 δεκαλόγοο

64 911 181 968 πλεῖον
214 911 419 989 παραλαβεῖν
447 905 637 990 η’ξιοόθρσαν.
687 906 829 970 ἐνταῦθα
869 909 922 988 τῆς
943 905 1172 988 Ἰσραηλιτικῆς

64 1008 245 1084 βασιλείας
278 1003 309 1070 oi
344 1002 456 1088 χρόνοι
492 1009 663 1088 κατέληξαν
688 1005 733 1079 εἰς
753 1000 807 1088 ἔτη
833 1003 994 1088 τριακόσια
1026 1004 1098 1086 τρία
1118 1004 1173 1064 καί

66 1109 179 1186 μῆνας
201 1101 297 1186 ἑπτό,
319 1101 488 1187 α’ρξόμενοι
507 1107 566 1187 μὲν
585 1103 646 1168 α’πό
661 1100 832 1187 Ἰεροβοόμ
850 1105 909 1168 rosi
927 1099 1051 1183 Ναβότ,
1071 1123 1172 1164 κατα-

69 1204 232 1286 λήξειντες
253 1207 291 1270 δὲ
321 1207 368 1278 εἰς
394 1203 493 1290 Ὠσηὲ
519 1204 576 1270 τόν
594 1207 653 1269 τοῦ
666 1195 743 1269 Ἴλα
768 1201 824 1268 καί
840 1201 899 1287 τὴν
919 1195 981 1265 dri
1001 1205 1172 1282 Σαλμανα-

35 1302 134 1387 torris
162 1305 227 1368 τοῦ
250 1302 385 1390 Ἰσραὴλ
419 1307 613 1385 μετοικεσίαν
644 1301 704 1367 nini
742 1304 926 1385 Σαμαρείας
954 1301 1000 1376 τίς
1027 1301 1171 1384 Μηδίαν.

70 1396 202 1486 ἤκμαζε
223 1405 262 1468 δὲ
293 1404 351 1468 καί
376 1404 396 1489 ἧ
427 1406 614 1488 προκειμένη
641 1411 706 1479 τοῖς
724 1405 760 1468 ἐκ
786 1401 894 1484 Δαβίδ
927 1401 1094 1482 βασιλέως,
1115 1397 1173 1482 τὴν

70 1505 133 1583 μὲν
156 1501 270 1586 α’ρχῆν
289 1501 352 1567 α’πό
374 1505 434 1568 rosi
468 1501 597 1568 δικότοο
627 1505 683 1587 τῆς
710 1504 768 1566 sori
790 1498 898 1566 Σαοόλ
917 1497 1037 1582 ἔχουσα
1056 1519 1173 1580 μοναρ-

71 1603 160 1682 χίας,
185 1599 392 1686 καταλήξασα
420 1604 456 1668 δὲ
488 1603 544 1668 irre*
570 1600 625 1666 τόν
652 1609 834 1686 τριμηναίον
860 1601 1019 1680 Ἰωακείμ·
1061 1600 1171 1662 τοῦτον

74 1701 136 1784 χόρ
160 1699 180 1764 o‘
205 1702 492 1787 Ναβουχοδονόσορ
519 1702 622 1770 ’larido
648 1699 814 1785 πορθήσας
843 1696 1013 1788 μετῴκισεν
1042 1699 1087 1775 τίς
1103 1699 1171 1762 Bu-

41 1803 222 1880 ιὸβολοῖνα.

155 1899 355 1966 netimeas
384 1900 493 1966 λοιπόν
522 1904 708 1987 δσιδραμείν
738 1908 803 1977 τοῖς
821 1895 855 1964 όν
873 1905 940 1975 τοῖς
959 1889 1172 1981 ἑβδομήκοντα

76 2002 131 2084 τῆς
155 2003 384 2081 αἰχμαλωσίας
415 1999 518 2067 ἔτεσιν
541 2001 757 2088 ἡμρσαμίνοις.
806 1993 884 2082 όχρι
907 1997 1021 2064 τοότσο
1041 1999 1099 2061 rori
1119 2019 1173 2062 τε·

76 2103 228 2165 &cambe
247 2099 395 2182 ’ίαακείμ
413 2097 601 2184 οονόγονται
627 2097 689 2165 dni
711 2093 815 2180 Ἀδὰμ
834 2095 889 2182 ἔτη
912 2097 1021 2193 ,δοκοί
1063 2095 1174 2160 toenia

79 2189 136 2261 adr
158 2195 237 2274 τοός
257 2201 372 2284 ἐφεξῆς
392 2195 529 2282 χρόνους
552 2201 614 2264 α’πό
633 2201 691 2266 τοῦ
705 2195 733 2263 α’
756 2195 845 2273 ἔτους
867 2200 1016 2262 Σεδεκίαν
1037 2199 1091 2259 δεῖ
1107 2209 1173 2276 ψη-

43 2299 199 2382 tourtam.
240 2297 443 2382 ἐκπορθήσας
472 2297 489 2362 ό
514 2297 800 2383 Ναβουχοδονόσορ
820 2295 860 2363 τό
881 2295 1099 2380 Ἱεροσόλυμα,
1121 2293 1176 2358 καί

79 2396 134 2460 τόν
154 2399 304 2478 Ἰωακείμ
321 2397 367 2471 είς
386 2399 566 2480 Βαβυλῶνα
585 2397 644 2465 σόν
663 2407 726 2475 τοῖς
746 2392 852 2474 ἄλλοις
872 2396 1051 2479 α’νιαχαγοόν,
1074 2399 1174 2460 Μαν-

80 2499 198 2561 δανίαν
218 2497 256 2560 δὲ
275 2494 330 2562 τόν
345 2495 461 2600 rodeno
483 2497 622 2584 ἀδελφόν
643 2501 704 2564 τόν
733 2499 902 2563 ἐπιλοίπων
920 2498 1052 2576 βασιλέα
1075 2519 1174 2558 κατα·

154 2713 195 2766 ¹0.
217 2715 385 2781 Μόδειανῦ

85 2899 242 2954 cerdotibus
265 2904 348 2968 misit,
362 2906 408 2976 qni
428 2923 497 2976 quae
514 2907 553 2958 ibi
573 2909 673 2960 sancito
694 2915 792 2971 esseut,
811 2906 907 2958 obiret.
944 2905 989 2956 hic
1006 2899 1100 2955 Batbel
1121 2903 1171 2954 ha·

84 2973 172 3026 bisam
190 2983 221 3025 et
234 2974 321 3042 legem
335 2991 381 3027 eos
399 2976 491 3029 docuit
508 2985 536 3029 et
552 2978 596 3029 dei
615 2979 830 3045 venerationem
848 2985 876 3030 et
894 2979 932 3030 ita
950 2991 983 3026 ea
1000 2989 1033 3026 eo
1050 2981 1171 3043 tempore

86 3045 183 3098 lectum
204 3055 257 3109 est,
278 3055 308 3098 ut
326 3056 396 3098 terra
419 3047 547 3100 leonibus
565 3049 735 3102 liberaretur:
768 3065 816 3102 ecs
835 3050 988 3101 etiamnunc
1006 3061 1022 3096 a
1042 3045 1171 3096 terrase·

84 3117 191 3168 maritas
210 3118 371 3186 appellent3
395 3135 478 3189 qnare
499 3121 581 3171 etiem
611 3120 790 3188 singularibus
818 3127 882 3172 sunt
901 3116 1029 3179 moribus,
1051 3123 1079 3166 et
1095 3114 1171 3185 quod

86 3185 169 3254 legem
187 3188 280 3240 edocti
305 3197 386 3252 suut,
413 3190 520 3242 breuem
539 3190 641 3242 babent
661 3192 745 3243 divini
763 3192 850 3243 cultus
870 3189 1005 3260 speciem,
1022 3203 1083 3238 nem
1101 3186 1171 3237 nibil

85 3267 189 3328 praeter
210 3258 371 3328 decalogum
395 3259 470 3312 aliud
491 3263 576 3312 accire
598 3264 750 3314 voluerant.
792 3269 849 3314 turn
866 3259 1044 3313 israelitarum
1062 3273 1172 3326 regnum

86 3327 201 3380 concidit
220 3339 366 3402 postquam
387 3331 479 3385 floruit
498 3331 551 3385 303
567 3349 652 3386 annos
669 3341 697 3384 et
717 3334 732 3385 7
753 3349 874 3398 menses3
894 3331 1001 3384 initium
1022 3329 1110 3380 suerat
1126 3345 1171 3380 re-

86 3415 134 3468 gno
152 3399 308 3466 lerobcam,
325 3401 415 3456 llabat
432 3403 491 3467 filii,
511 3403 573 3456 finis
590 3405 619 3456 in
637 3405 707 3456 Osee
725 3406 802 3472 regis,
822 3405 879 3454 liae
898 3402 948 3456 lilii
968 3408 996 3451 et
1013 3401 1172 3468 migratione

85 3487 116 3522 ea
133 3471 254 3524 Samaria
279 3473 309 3524 in
329 3473 455 3536 Mediam,
481 3490 551 3546 quoe
568 3476 621 3527 suit
644 3474 694 3526 sub
715 3475 910 3528 salmanasaro.
943 3470 1055 3523 florebat
1078 3472 1174 3522 etiam-

85 3549 136 3594 tum
153 3559 270 3612 regnum
290 3543 341 3596 sub
359 3543 466 3613 regibus
481 3562 496 3598 e
510 3553 589 3613 geute
603 3545 723 3612 Doridis,
741 3545 959 3616 quosiuoeperat
979 3539 1083 3593 decimo
1100 3555 1172 3592 anno

87 3614 154 3681 regni
173 3613 244 3667 saul
274 3615 405 3686 finitaque
435 3623 476 3668 est
499 3617 627 3669 trimestri
651 3633 732 3684 regno
753 3615 876 3682 lcalim3
900 3615 971 3666 hunc
989 3611 1060 3664 euim
1078 3609 1173 3664 Nebu-

87 3681 254 3738 tbodonosor
271 3702 366 3738 everso
384 3685 544 3740 ludaeorum
566 3703 647 3756 regno
669 3687 832 3755 Babylonem
850 3685 978 3738 traduxit.

147 3757 298 3827 Reliquum
317 3757 399 3826 igitur
417 3765 459 3810 eat
477 3773 623 3811 memorare
650 3775 706 3823 eos,
746 3759 774 3808 ui
792 3756 826 3810 70
844 3755 1007 3828 captivitatis
1025 3753 1102 3804 onnia
1120 3769 1172 3822 pn·

87 3827 146 3894 poio
162 3829 355 3898 praefuerunt.
372 3845 457 3898 usqae
474 3829 590 3882 adhunc
608 3775 842 3882 uttimumloakim
860 3836 923 3880 aunt
938 3825 972 3876 ab
986 3824 1087 3876 ldnmo
1107 3823 1172 3876 anni

87 3897 157 3952 4872.
198 3902 255 3952 iarn
283 3901 368 3966 igitur
386 3913 455 3970 quae
473 3909 624 3970 sequuntur
651 3909 808 3968 temporeo
838 3899 923 3968 primo
945 3895 1078 3948 Sedelice
1098 3911 1172 3948 nnuc

87 3970 247 4024 numeranda
264 3977 337 4023 sunt.
357 3969 613 4034 Nabuchodonosor,
639 3971 737 4024 deletis
755 3967 947 4036 Hierosolymis
966 3983 1048 4038 quum
1069 3965 1172 4019 loakim

88 4047 113 4094 et
134 4037 415 4110 oetercaBabylon'em
434 4041 555 4094 duxisset
572 4041 785 4094 etllanthauian
798 4041 872 4092 iliius
890 4040 996 4092 tratrem
1019 4039 1172 4091 relictorum

89 4129 167 4184 ”gem
185 4113 386 4178 constituisset.
404 4129 484 4186 quern
503 4114 584 4168 etiem
597 4111 899 4176 Sedeliannomiuerit,
917 4111 1049 4168 concessit
1066 4117 1175 4178 utpsce
