2776 4612
226 253 287 348 ‘ne
304 281 609 350 uuesstnourcs
628 285 656 350 e
674 281 832 350 tenuis
851 281 995 348 etune.
1102 269 1172 357 441

85 461 159 502 πται
177 427 323 519 άρεσκσι,
345 431 569 518 καθαρώτερον
590 437 619 518 d’
651 437 795 520 ἐκφῆναι,
817 435 874 496 ουίι
896 433 1026 498 άνίεσαν
1044 429 1175 498 θωπεύ-

80 559 172 611 οντες
192 533 222 599 οἱ
245 535 301 620 τη’ν
332 537 495 600 κολακείαν
523 536 690 618 περίεργοι.
741 538 794 600 καί
824 531 936 616 ἔρρεπε
955 531 1032 616 πρὸς
1053 531 1172 608 αύτούς

78 639 125 724 spi
146 633 256 725 κούφη)
287 636 307 720 ἢ
338 636 508 718 πλάστιγξ,
541 639 641 718 κῆρας
671 633 790 717 ἔχουσα
811 631 899 717 ,κατά
921 630 979 708 τάς
999 631 1172 715 ποιητικάς,

77 733 235 810 νευούσας
266 738 311 810 είς
336 736 509 817 Τάρταρον.
565 735 598 797 οἳ
616 733 654 816 (λη’
685 729 952 815 καρδιοκσλάπται
972 731 1098 804 κόλακες
1119 728 1173 794 καί

46 835 284 920 σπαρηύχαζον
307 839 341 900 έν
360 831 470 920 σφίσιν
492 834 599 908 adroic
620 831 701 898 κατά
729 833 782 913 τῆς
802 827 920 906 πόλεως
939 839 1040 930 μΐσρς,
1062 823 1107 906 οἷς
1127 833 1172 916 τῷ

75 931 137 1015 τήν
155 930 246 998 πόλιν
260 937 404 1013 μισοῦντι
422 931 583 1016 κακοήθως
601 934 843 997 συνδιετίθεντο.
867 929 921 994 καί
937 923 976 1014 ἦν
998 932 1045 994 ἐπ’
1062 931 1171 1004 αύτοῖς

73 1030 110 1096 τὸ
131 1035 187 1096 τοῦ
202 1034 386 1106 Παιανιέως
401 1027 544 1118 ῥήτορος,
569 1025 645 1111 ὅπερ
677 1032 792 1105 ἐκεῖνος
810 1033 886 1112 περί
904 1031 1026 1112 κλοπῆς,
1039 1052 1167 1110 γνισμα.

76 1129 180 1194 τεύων
207 1132 360 1206 κυκλικῶς
386 1127 580 1214 περιήγαγεν,
605 1121 668 1194 dos·
698 1153 764 1204 πως
783 1125 1097 1211 παραιεκτήνασθαι·
1118 1129 1171 1194 σοι’

73 1235 147 1316 μέν,
167 1223 196 1294 τά
215 1233 333 1312 Δαυΐύ,
356 1227 542 1315 προέοτικύν
562 1229 606 1314 ,τὰ
627 1227 761 1314 φιλικόν,
781 1227 870 1310 εἴπερ
891 1217 931 1309 ἦν
955 1221 1064 1308 ῦμσιύν
1085 1251 1144 1292 σοι.

25 1343 65 1397 10
157 1322 239 1411 Ἀρα
261 1333 296 1395 δὲ
315 1325 416 1406 σῦτως
438 1331 593 1413 εἰρηναῖος
629 1323 673 1392 dv
695 1330 860 1412 ἐπέτρεπεν
882 1320 990 1402 ἄλλοις
1009 1334 1111 1390 ποιεῖν
1133 1327 1167 1392 τὸ

73 1431 150 1496 έὲον
177 1431 221 1506 τίς
252 1431 376 1515 μάχηνς
407 1421 537 1514 οῦκσυν,
566 1431 632 1492 ἀλλ’
659 1432 704 1502 είς
737 1429 885 1502 παντελὲς
912 1429 967 1490 καί
999 1425 1097 1503 αῦτός
1113 1425 1166 1492 τὸν

65 1521 171 1614 ”quu
192 1529 342 1614 έσέιληοεν
363 1527 397 1594 έν
414 1551 449 1612 γε
468 1527 553 1614 ἡμῖν,
576 1529 635 1592 oda
659 1523 731 1592 οἶδα
752 1531 800 1602 τίς
820 1550 895 1592 ποτε
914 1529 975 1592 τῶν
993 1527 1027 1604 έξ
1046 1525 1166 1592 Ἀλισέ-

72 1651 119 1702 ανς
140 1619 194 1712 ῦν,
214 1625 301 1709 τάχα
322 1629 353 1692 δ’
372 1623 413 1692 dv
430 1624 598 1712 Ἐφιάλτης
617 1625 672 1692 εἴτ’
687 1621 744 1692 οῦν
761 1627 930 1706 Ἐπίαλτος,
953 1625 968 1690 ὁ
988 1622 1077 1710 παρά
1098 1633 1164 1700 τοῖς

68 1727 319 1812 Ἀσκληπιάδαις
346 1727 497 1810 έπαχθυῦς
517 1725 590 1802 τούς
618 1729 843 1805 ἀνακειμένους
863 1724 1019 1808 βαρύνων,
1040 1717 1091 1792 οἷα
1109 1728 1164 1788 καί

26 1823 244 1907 15πνιγαλεύς
261 1825 285 1889 o‘
305 1828 409 1903 αύτός.
452 1820 532 1902 ιύτσς
546 1826 609 1911 γάρ
633 1827 690 1889 ούιι
712 1819 752 1890 ds
770 1825 899 1908 λεχθείη
921 1822 956 1900 ῦς
975 1823 1163 1888 ouldericus

71 1915 113 1988 ed
131 1926 281 2006 λεγόντων
309 1927 418 1990 ε’έίέου
449 1919 534 2008 niro,
565 1929 596 1992 εἰ
628 1922 672 2010 μη
695 1916 760 2007 ῦρα
786 1921 867 1988 κατά
889 1947 921 1986 τι
942 1925 1078 2001 σκῶμμα
1098 1945 1162 1988 σει-

75 2025 246 2106 ροιμιιύέες
275 2024 309 2089 τύ
342 2027 397 2089 lui
422 2022 572 2115 εύηθείρι·
621 2022 781 2100 τοιούτους
812 2023 872 2106 γάρ
893 2021 965 2096 τούς
986 2014 1086 2096 ύτσυς
1106 2020 1162 2084 καί

67 2113 201 2203 ὄρνιθας
233 2119 429 2207 ἧπαροιμία
470 2122 538 2207 ἔχει
567 2121 779 2203 ύυιιιμάσαοο.
829 2118 900 2186 οῦτε
927 2125 1033 2186 τοίνυν
1061 2121 1159 2197 adada,-

68 2211 168 2304 ἤθελε
195 2222 385 2305 δραστήριος
405 2217 503 2304 εἶναι,
526 2220 581 2287 καί
599 2220 675 2299 τούς
695 2219 824 2309 λοιπούς
846 2224 881 2285 di
903 2219 1082 2305 desedisse,
1104 2245 1160 2286 κα-

22 2317 197 2402 λοτάχχανν
216 2323 262 2396 εἰς
281 2325 366 2402 βίαν.
409 2321 564 2405 ἐκδρομὴν
583 2322 660 2402 γοῦν
688 2321 806 2384 θέσθαι
826 2317 884 2402 την
902 2324 1063 2402 τυχοῦσαν
1080 2323 1157 2385 κατά

68 2420 134 2484 νῦν
156 2421 282 2503 έχθριῦν
303 2422 348 2495 είς
367 2423 516 2486 τοσοῦτον
539 2423 665 2505 έύέησεν
687 2417 783 2498 dore,
806 2413 904 2501 οἶμαι,
926 2415 1092 2501 άΣικελός,
1113 2416 1158 2484 εἴ·

67 2540 130 2601 περ
154 2513 220 2602 εἶχε
252 2517 397 2604 μυκτῆρά
419 2543 491 2584 τινα
509 2521 639 2584 νεύοντα
668 2517 747 2602 ιιρός
769 2518 943 2598 άστεϊσμόν,
964 2519 1009 2592 είς
1030 2519 1156 2601 εύεργέ..

67 2641 125 2702 την
139 2617 237 2684 αύτύν
270 2620 519 2706 προσεποιήσατο
540 2614 589 2700 dv,
615 2617 741 2704 έπείπερ
764 2610 817 2683 οἷα
835 2619 889 2682 καί
908 2619 1081 2702 ὀφθαλμοῦ
1099 2616 1156 2682 κύ-

142 2792 183 2846 18.
203 2795 262 2865 ἔχοι
277 2797 302 2849 Τ

69 2927 196 2996 bulones,
213 2933 265 2995 vel,
285 2941 315 2984 ut
354 2933 440 2984 lenius
452 2932 547 3000 slicsm,
557 2934 629 2988 leand
639 2935 778 2988 cessabant
794 2935 836 2988 illi
848 2933 951 2986 adulari
964 2935 1155 2990 assentationis

69 3001 193 3052 artilices.
235 2951 416 3056 inclinsdsstur
441 3013 530 3056 autem
558 3009 657 3058 sensim
677 3007 705 3058 in
725 3007 788 3058 illos
806 3007 916 3067 trutina,
933 3005 977 3056 cni
996 3021 1091 3074 parcae
1110 3023 1152 3058 se-

69 3071 186 3122 cundum
207 3083 300 3141 poetes
328 3073 469 3142 impositae
496 3086 590 3138 erent,
608 3077 642 3128 sd
663 3095 752 3130 orcum
777 3083 936 3147 spectantes.
973 3077 1019 3146 qui
1041 3075 1151 3145 quidem

69 3139 224 3195 adulatores
244 3152 272 3194 et
291 3143 463 3213 refulgebunt
485 3147 537 3216 ipsi
556 3147 646 3200 odium
666 3147 759 3210 urbis,
778 3145 922 3199 secundum
943 3162 983 3208 ee,
1002 3161 1150 3214 quaecum

68 3210 147 3264 hoste
167 3213 217 3264 illo
242 3215 355 3266 civitatis
382 3217 496 3282 turpiter
514 3219 584 3284 pecti
606 3227 691 3281 erant,
711 3227 739 3270 et
758 3226 865 3288 poterut
883 3219 911 3270 in
929 3233 975 3268 eos
995 3216 1095 3268 dictum
1114 3218 1149 3267 il-

68 3281 117 3333 lud
137 3285 250 3335 oratoris
268 3285 447 3348 Paeaniensis,
464 3286 539 3358 quod
552 3287 600 3339 ille
620 3288 654 3340 de
676 3289 747 3341 serto
759 3281 894 3341 sententie
912 3287 987 3356 quasi
1008 3288 1035 3338 in
1056 3286 1148 3338 orbern

66 3351 136 3404 usn
156 3355 353 3422 pronuntiavit,
368 3356 406 3408 ita
424 3358 576 3411 transferri:
595 3358 726 3428 prodendi
746 3360 806 3423 tibi,
824 3357 948 3422 Doridos,
966 3357 1044 3410 amici
1063 3365 1148 3418 erent,

66 3424 90 3476 si
108 3424 148 3475 tui
167 3426 267 3477 similes
289 3433 373 3476 erant.
956 3431 959 3438 '

138 3493 207 3547 Num
229 3497 312 3565 igitur
335 3497 396 3559 ille,
414 3498 453 3550 ita
476 3498 534 3568 ipse
552 3514 642 3551 eruens
674 3501 733 3560 otii,
751 3500 813 3551 aliis
833 3497 970 3550 mandavit
988 3497 1022 3548 ud
1043 3496 1147 3548 bellum

65 3567 230 3618 necessaris?
274 3568 383 3620 minime
412 3585 490 3633 vero;
517 3570 584 3638 quin
612 3571 666 3622 imo
691 3570 803 3622 Martem
833 3571 891 3640 ipse
917 3571 989 3620 inter
1013 3585 1062 3619 nos
1082 3585 1148 3620 con-

65 3635 190 3698 strinxit,
217 3637 306 3692 nescio
334 3639 394 3708 quia
420 3654 435 3689 e
456 3639 520 3691 filiis
539 3641 630 3702 Aleis,
650 3639 787 3711 Ephialtes
813 3640 924 3692 forsitan
942 3640 997 3690 sive
1017 3639 1147 3707 Episltus,

66 3704 114 3772 qui
137 3706 207 3776 opud
231 3707 400 3778 Asclepiades
426 3709 599 3762 veliementer
628 3713 703 3778 angit
729 3710 909 3772 dormientes,
937 3715 1032 3778 utpote
1049 3707 1148 3760 incubo

65 3773 139 3825 idem
189 3777 269 3830 Otum
293 3781 361 3832 enim
393 3797 449 3830 non
466 3781 657 3849 appellaverim
682 3799 756 3842 enm,
778 3782 878 3850 quippe
898 3780 943 3847 qui
962 3779 1064 3830 nemini
1079 3777 1146 3832 bene

66 3842 235 3898 suadentium
255 3865 343 3902 eurem
362 3851 523 3919 praeberet,
541 3853 593 3902 nisi
612 3853 682 3902 sorte
710 3850 857 3902 secundum
877 3851 993 3902 facetum
1012 3847 1147 3919 quoddam

66 3917 94 3966 in
112 3915 252 3968 stultitiam
272 3922 449 3987 proverbium.
485 3921 553 3973 tales
575 3923 646 3972 enim
668 3929 729 3973 otos
755 3930 783 3972 et
800 3938 861 3972 sves
889 3919 1058 3990 prouerbium
1079 3919 1147 3972 illud

65 3985 206 4054 significat.
227 4004 289 4054 crgo
301 3990 347 4042 ille
360 4000 468 4045 strenue
482 4009 560 4060 ogere
573 4007 624 4044 uec
638 3992 694 4061 ipse
705 3991 821 4052 volebat,
836 4009 886 4042 nec
900 4001 1003 4044 ceteros
1019 3991 1144 4060 petieba-

66 4066 117 4120 tur,
136 4057 161 4109 εἰ
182 4069 292 4110 cunctos
315 4077 450 4114 coercens.
484 4063 653 4132 eruptionem
671 4071 744 4114 certe
769 4063 796 4114 in
816 4061 906 4114 hostes
931 4063 1145 4133 qualemcunque

65 4127 151 4184 locere
168 4128 236 4182 adeo
255 4127 381 4196 debehat,
399 4142 429 4186 ut
449 4133 570 4200 Siculus,
589 4135 611 4188 si
630 4151 724 4188 nusum
741 4133 776 4186 ad
792 4135 903 4187 facetius
925 4135 1076 4206 proniorem
1095 4133 1145 4183 hu-
