2756 4620
205 229 275 308 ιυίι
383 245 391 268 ·
454 212 981 328 '[na0msoum1mnm]
1039 236 1042 242 ’
1117 335 1122 343 ¹
1229 307 1231 312 .

198 397 332 478 ραχεῖσα
347 393 445 474 μέσον
479 393 638 478 κατεπόθη
664 389 744 475 perd
776 393 838 458 τῶν
859 390 1044 477 οἰκητόρων·
1085 386 1141 454 τού
1158 386 1309 474 ἔκραζον

197 487 258 554 sind
278 487 333 575 την
351 494 408 576 γῆν
428 485 517 568 ὄντες
532 489 561 557 oi
581 487 748 578 ἄνθρωποι
768 490 804 555 ad
827 491 1026 576 “ε’λεη’σατε.”
1082 487 1137 554 καί
1156 487 1237 572 γυνὴ
1262 491 1308 553 δέ

198 616 245 668 τις
266 591 321 656 ἐπέ
341 591 441 654 adsoni
462 591 604 679 α’νεφύνη
625 595 660 656 ἐκ
674 591 822 666 Κιλικίοις
844 582 925 655 orlon
946 586 1172 674 γιγαντοχενὴς,
1192 587 1307 670 sinep-

194 694 316 773 έχουσσ
347 691 384 777 τῇ
410 690 513 779 ἦλικέρι
547 694 651 757 πάντα
670 685 839 775 ἄνθρωπον
859 694 964 773 πῆχυν
984 688 1058 772 ἕνα,
1080 692 1136 752 καί
1156 695 1304 752 πλατεῖα

194 791 334 875 σφόδρα.
377 789 421 867 οῦς
442 793 497 855 ἐπέ
515 791 679 870 θαύματος
700 793 735 856 δὲ
756 788 785 854 oi
813 789 960 871 (ἰδόμενοι
981 787 1112 872 ἐροῦντες
1134 785 1240 870 adripe·
1263 789 1334 852 έν5

194 896 260 968 τοῖς
279 893 496 976 ἐργαστηρίοις
514 893 569 956 καί
587 889 684 967 οἴκοις
704 892 808 956 ἐδίδου
828 888 911 975 adop*
933 886 994 954 α’νοὶ
1020 887 1147 969 ύβολοῦ.

273 987 310 1056 Ὁ
332 993 367 1054 δὲ
389 987 485 1065 αύτός
504 992 656 1074 βασιλεύς
677 987 776 1058 πολλὰ
796 990 1070 1074 ἐφιλοφρονήσατο
1090 989 1128 1072 τῇ
1142 1009 1176 1050 τε
1198 984 1300 1050 πόλει

194 1087 372 1178 Ἀντιοχείᾳ
393 1087 470 1174 πρύς
495 1087 722 1174 ἅνοικοῦομὴν,
745 1092 800 1154 καί
818 1085 893 1161 τούς
913 1091 948 1152 έν
967 1087 1048 1174 αύτῇ
1071 1089 1189 1172 ζῶντας
1208 1083 1301 1152 rino-

195 1190 405 1272 λειφθέντας·
455 1191 611 1266 ,τυσοῦτον
639 1191 675 1255 δέ
695 1190 744 1254 ἐπ’
767 1187 850 1275 αύτῇ
869 1180 1001 1272 ἤλγησεν
1022 1185 1065 1262 ὥς
1086 1185 1141 1250 καί
1163 1187 1197 1250 τὸ
1219 1185 1299 1248 dui·

196 1287 282 1370 δημα
316 1287 484 1354 ἀποθεῖναι
517 1287 572 1352 καί
591 1287 649 1370 την
672 1285 866 1374 πορφύραν,
887 1287 942 1351 καί
961 1285 1075 1352 σύκκον
1095 1284 1149 1350 κατ’
1169 1283 1347 1350 onerario

196 1389 441 1470 περιβαλέσθαι,
462 1385 518 1451 καί
544 1392 670 1452 πενθεῖν
694 1386 755 1466 Ιἐπὶ
779 1385 896 1462 πολλὰς
925 1380 1057 1468 ἡμέρας.
1110 1381 1296 1467 ἐτελεύτησε

196 1486 232 1548 δέ
253 1486 433 1552 καταλιπών
451 1489 584 1568 βασιλέα
605 1485 825 1554 ’λουστινιανύν
838 1485 893 1551 τὸν
913 1483 994 1550 ἴδιον
1008 1481 1153 1568 ἀνεψιόν·
1195 1483 1294 1561 ἐτέθη

197 1585 233 1648 δὲ
254 1583 289 1648 τύ
311 1589 404 1665 στῦμα
429 1579 528 1650 αύτού
557 1590 592 1652 ἐν
626 1589 664 1674 τῇ
683 1587 765 1674 μονῇ
791 1587 848 1668 τῆς
870 1580 1080 1668 Αύρούστης,
1103 1586 1136 1648 έν
1154 1579 1294 1664 λάρνακι

197 1688 348 1776 πρασένιρ,
368 1685 446 1764 μετὰ
466 1687 502 1751 δέ
520 1688 577 1770 τῆς
597 1683 745 1768 γυναικὸς
766 1687 868 1750 odron*
889 1677 1076 1768 Εύφημέας·
1134 1684 1168 1746 έν
1189 1672 1216 1769 ᾧ
1235 1684 1295 1744 κατ’

197 1779 232 1846 αἱ
252 1787 365 1848 στολαὶ
383 1783 573 1869 εὑρέθησαν.
627 1781 683 1849 riv
706 1785 741 1848 δέ
763 1787 819 1868 τῆς
840 1779 1079 1868 ἀρχιερωσύνης
1101 1785 1217 1866 θρόνον
1238 1785 1291 1844 dr.
1303 1789 1339 1842 15

195 1889 281 1946 εἶπεν
300 1882 440 1966 Ἰωάννης
463 1883 480 1946 o‘
501 1887 667 1968 λεγόμενος
688 1879 917 1965 Καππαδόκης.

277 1980 444 2057 Ἰουστῖνυς
476 1985 687 2050 α’νεκαλέσατο
714 1983 832 2056 πάντας
860 1979 956 2064 ἱεροῖς
983 1985 1038 2047 καί
1058 1975 1176 2064 ἄνδρας
1196 1979 1290 2044 edos-

194 2085 262 2163 βεῖς
283 2077 487 2166 σ’ρθοιλύξους,
510 2079 566 2156 οῦς
595 2080 798 2156 Ἀναστύσιος
818 2077 934 2156 ἀδίκως
955 2077 1111 2164 ἐξώρισεν.
1154 2083 1207 2144 ἐπέ
1227 2079 1290 2142 αύ-

196 2183 254 2246 τοῦ
276 2173 391 2246 Ἔδεσα
410 2179 519 2262 πόλις,
554 2182 612 2246 τοῦ
626 2181 761 2266 Σκιρτού
791 2183 934 2261 ποταμοῦ
958 2183 1055 2261 μέσον
1082 2180 1180 2262 αὐτῆς
1201 2181 1288 2262 διερ-

195 2283 332 2362 χομένου
361 2282 416 2344 κατ’
436 2281 573 2345 πλούτου
598 2283 654 2345 κατ’
678 2283 790 2366 τέρψιν
811 2283 893 2367 αύτῇ
920 2282 1157 2363 παρεχομένου,
1179 2285 1332 2362 amp-20

195 2379 397 2462 μυρήσαντος
420 2377 496 2464 αὕτη
520 2377 581 2446 σύν
601 2388 666 2456 τοῖς
687 2379 843 2456 συνοίκοις
871 2381 1050 2464 έποντίσθη.
1090 2375 1169 2459 μετὰ
1192 2381 1227 2442 δέ
1248 2377 1284 2444 τύ

93 2529 98 2552 ,
195 2476 384 2544 παύσασθαι
405 2478 443 2544 τύ
463 2475 568 2544 sidero
589 2477 671 2557 πλὰξ
693 2482 799 2564 λιθίνη
827 2479 925 2562 α’νέθη
947 2481 981 2544 ἐν
1001 2482 1041 2565 τῇ
1064 2480 1123 2542 τοῦ
1141 2480 1287 2558 ποταμοῦ

195 2569 299 2667 ὄχθη,
326 2576 561 2664 ἱερογλυφικοῖς
589 2575 773 2662 γράμμασιν
805 2581 1052 2662 ἐγκεκαλυμμένη
1074 2580 1285 2662 περιέχουσαν

194 2672 297 2754 οὕτως
310 2677 457 2764 “Emptis
475 2679 617 2758 ποταμὸς
628 2678 790 2764 σκιρτησει
803 2675 882 2744 sard
897 2673 1093 2762 σκιρτήματα
1112 2677 1285 2752 πολι’ταις.”

269 2797 313 2848 21.
333 2795 417 2863 αὐτῆς
436 2795 457 2848 C
547 2795 590 2848 22.
609 2794 709 2868 εὑρέθη
728 2795 864 2850 Cedrenoa
879 2798 891 2850 l
908 2813 935 2867 p.
953 2795 1006 2849 640
1028 2795 1052 2846 1.

100 2893 106 2909 '
195 2905 279 2974 pente
297 2899 391 2952 misere
410 2897 636 2952 comburerentur.
673 2899 721 2952 sed
739 2901 818 2952 etiam
836 2902 864 2953 in
877 2901 963 2968 Mysia
977 2899 1177 2972 Pompeiopolis
1188 2885 1281 2953 'detera

195 2969 317 3024 concidit
336 2972 362 3023 in
383 2973 499 3040 incolna3
518 2979 546 3024 et
571 2971 721 3022 clamarunt
737 2972 785 3041 qui
809 2980 879 3023 terra
896 2972 1000 3025 conditi
1020 2979 1097 3024 erant
1114 2973 1280 3024 “miseremi-

194 3044 251 3096 ni.''
286 3041 384 3094 muller
401 3041 451 3094 sub
469 3059 502 3095 eo
521 3043 625 3094 exstitit
644 3043 748 3106 Cilissa,
768 3059 880 3114 corpore
906 3045 1040 3112 giganteo,
1057 3043 1107 3095 alti
1124 3044 1175 3095 viri
1196 3051 1280 3095 etatu-

195 3130 251 3166 rnm
271 3112 365 3165 cubito
387 3128 516 3182 superaus
534 3121 562 3166 et
578 3111 722 3166 admodum
743 3114 808 3178 lata,
827 3116 866 3167 ito
884 3123 915 3166 ut
929 3113 1122 3166 admirardntur
1138 3115 1185 3186 qui
1203 3114 1280 3167 eide-

194 3183 263 3238 bunt
281 3186 310 3236 in
328 3185 439 3236 ollicinis
458 3192 486 3237 et
503 3182 627 3236 domibus
645 3193 673 3238 et
691 3185 802 3238 obolum
821 3189 846 3238 ei
864 3186 982 3256 quisque
1002 3184 1085 3237 daret.

266 3255 321 3307 ilex
339 3255 622 3307 benevolentissimum
644 3273 673 3309 se
700 3257 836 3326 praestitit
854 3256 1024 3319 Antiochiae,
1042 3265 1072 3307 ut
1090 3255 1279 3317 restitueretur,

195 3333 225 3382 et
242 3327 290 3390 eir,
311 3325 359 3396 qul
377 3327 432 3378 viri
450 3327 537 3378 relicti
555 3333 638 3379 erant.
686 3335 768 3398 atque
790 3328 829 3380 ita
854 3327 924 3379 hano
947 3327 1125 3379 calamitatem
1151 3327 1232 3388 luxit,
1250 3334 1279 3378 ut

194 3397 320 3450 diadema
341 3406 374 3448 et
406 3413 529 3466 urpumm
543 3395 699 3466 deponeret,
719 3415 824 3450 saecum
842 3400 1003 3450 etcinerem
1021 3399 1152 3460 inliceret,
1170 3399 1278 3449 multos·

195 3486 249 3540 que
271 3467 329 3520 dies
348 3414 461 3520 doleret
504 3469 621 3522 moriens
646 3485 736 3538 regem
761 3469 871 3540 reliquit
894 3469 1072 3522 Iustinianuur
1095 3467 1213 3530 affinem3
1236 3483 1277 3518 re-

194 3541 288 3609 pultoa
309 3547 349 3591 est
370 3539 397 3590 in
423 3541 584 3592 monasterio
602 3541 736 3608 Augustae
765 3541 795 3591 in
813 3555 872 3591 arco
891 3540 997 3608 prasina
1017 3540 1090 3591 iuxta
1110 3539 1277 3608 Euphemiam

194 3627 315 3674 oaorem,
336 3609 384 3661 ubi
405 3613 484 3662 etiam
503 3613 589 3662 stolae
602 3611 728 3665 inventae
746 3619 816 3664 suot.
853 3612 1038 3680 episcopatum
1059 3612 1148 3662 tenuit
1160 3611 1276 3671 loannes,

196 3681 243 3751 qui
268 3679 439 3751 Cappadoces
461 3677 609 3734 dicebatur.

265 3753 383 3804 lustinus
410 3769 502 3804 omnes
529 3752 681 3806 sacerdotes
709 3753 824 3824 piosque
860 3749 1024 3804 orthodoxos
1053 3749 1196 3807 revocavit,
1214 3764 1276 3808 quos

197 3817 351 3874 Anastasius
368 3825 468 3875 iniusta
489 3823 662 3892 relegaverat.
706 3823 757 3876 sub
776 3840 809 3874 eo
832 3821 937 3882 Edessa,
958 3839 1036 3892 ηιιτιιπ
1055 3821 1162 3890 perfluit
1181 3819 1276 3870 Scirtua

197 3887 294 3942 fluvius
313 3893 420 3946 divitias
441 3903 469 3946 et
488 3893 683 3948 oblectationes
702 3903 858 3964 suppetant,
881 3893 1057 3944 inundatione
1076 3893 1144 3944 lacta
1163 3907 1223 3948 coru
1237 3891 1275 3942 iu·

198 3960 266 4011 eolis
284 3962 420 4016 submersa
449 3973 496 4017 est.
542 3975 682 4036 postquam
716 3983 786 4035 aqua
808 3965 917 4015 recessit
939 3963 1046 4032 lapidea
1064 3963 1156 4014 tabula
1174 3961 1276 4015 iuventa

199 4037 241 4082 eat
259 4031 288 4082 in
306 4033 379 4086 ssusii
397 4036 453 4104 ripa
479 4039 522 4088 cui
541 4035 746 4106 lrieroglyphicis
772 4035 855 4088 literis
875 4033 941 4086 haee
959 4034 1087 4104 inscripta
1106 4040 1198 4086 eraut.-
1213 4033 1274 4085 Seir-

198 4109 242 4156 tus
263 4101 359 4156 fluvius
377 4105 459 4158 malas
479 4109 635 4160 saltationes
653 4106 754 4159 civibus
774 4103 907 4158 saltabit.'’
