2778 4616
216 251 290 328 292
539 258 682 338 lmlils
709 255 969 324 GRAMMATICI

214 413 368 500 λογομδνῳ
386 405 527 496 Ἓβδάμηι
539 407 747 492 ὑπέστρεψεν,
758 405 915 490 εἰρηνικάς
927 401 1064 480 σπονδάς
1076 399 1302 488 αδτησάμενος.

213 517 275 580 τῶν
289 513 323 576 δὲ
335 505 509 592 ἐπιτρόπων
520 506 576 590 τήν
591 504 714 592 ιδρήνην
726 507 942 588 α’σμενδστατα
955 505 1202 586 άποδεξαμδνων,
1215 503 1304 568 ἄπο-

214 615 336 678 στὲλλει
358 603 490 687 Συμειδν
522 605 684 690 Θεόδωρον
717 603 888 690 μάγιοτρον
916 605 1016 669 odensi
1038 603 1233 685 συλλαλῆσαι
1255 597 1303 666 τά

214 713 271 792 τῆς
291 707 428 792 εἰρήνης.
449 703 683 788 άναλαβόμενος
703 705 738 770 δὲ
759 699 778 768 δ’
798 727 831 770 τε
850 704 1046 788 πατριάρχης
1067 701 1219 776 Νικόλαος
1243 701 1306 764 καί

215 811 374 894 Στέφανος
401 809 457 870 καί
475 803 618 890 Ἰωάννης
649 802 822 888 μάγιστρσς
849 802 902 870 τὸν
922 806 1055 885 βασιλέα
1081 791 1179 884 ἦλθον
1198 803 1330 880 μέχριΞι

185 911 277 974 Greia
299 906 509 988 Βλαχορνυῖν,
530 905 585 968 καί
611 902 774 987 εἰσήγαγον
795 901 868 978 τοὺς
891 901 948 966 δάο
968 899 1058 976 vicie
1078 895 1219 980 Συμεών,
1241 895 1304 960 ναὶ

216 1001 545 1090 consuscitaremur
564 1008 695 1083 βασιλεῖ
710 1004 743 1066 ἐν
764 1011 830 1076 τοῖς
851 1003 1022 1074 παλατιόις.
1042 999 1198 1070 Νικόλαος
1221 999 1258 1062 δὲ
1282 993 1301 1060 ὅ

214 1103 415 1186 πατριάρχης
440 1097 518 1185 ἦλθε
549 1101 628 1184 πρὸς
659 1097 807 1180 Συμεών·
856 1091 964 1187 pierre*
982 1097 1038 1182 τήν
1058 1094 1198 1184 κεφαλήν
1218 1095 1301 1158 sine'-

172 1208 316 1270 99κλινεν
337 1200 475 1284 §opeda
497 1199 595 1286 εδχήν
615 1191 670 1266 σάν
689 1200 706 1264 ὁ
725 1198 923 1286 πατριάρχης
944 1199 1086 1282 ποιήσας,
1108 1201 1180 1264 sisai
1198 1200 1302 1276 στέμ-

214 1325 312 1385 μαεος
331 1300 365 1366 τά
389 1296 503 1366 ἑαυτοῦ
532 1299 768 1386 ἐπιρριπιάριον
796 1293 840 1386 τῇ
853 1294 970 1364 ἑαυτοῦ
989 1299 1139 1384 ἐπέθηκεν
1160 1299 1298 1382 κεφαλῇ.
1311 1311 1350 1364 ιθ

215 1401 328 1484 δάροις
349 1389 404 1465 οδν
425 1401 573 1482 α’μέτρυις
595 1404 650 1465 καί
667 1400 825 1481 μεγαστοις
846 1399 1130 1484 φιλοφρονηθέντες
1152 1389 1170 1458 ‹i'
1182 1417 1218 1458 τε
1231 1397 1300 1460 Συ.

213 1499 300 1582 μεάν
319 1503 373 1566 καί
400 1499 430 1565 οἱ
450 1502 562 1566 τούτου
592 1497 657 1564 nini
686 1500 732 1574 εἷς
760 1497 818 1583 τήν
837 1499 923 1564 ἰδίαν
946 1493 1058 1582 χάραν
1084 1495 1302 1582 ὑπέστρεψαν,

214 1601 406 1686 α’σάμφωνοι
426 1603 480 1666 ε’πί
498 1602 538 1687 τῇ
558 1600 705 1686 εἰρημένῃ
729 1596 836 1686 εἰρήνη
856 1599 1066 1672 διαλυθέντες.

302 1701 367 1764 Τοῦ
387 1701 542 1782 βασιλέως
561 1693 617 1764 οὖν
639 1703 889 1777 Κωνστοιντδνου,
915 1693 970 1762 ἅτε
989 1694 1102 1771 παιδὸς
1125 1688 1225 1780 ὄντος,
1245 1698 1304 1760 καί

215 1796 273 1882 τήν
293 1800 378 1862 ι’διάν
410 1801 533 1882 μητέρα
563 1801 780 1882 ἐπιζητοῦντος
808 1789 882 1881 (ήδη
900 1793 960 1880 γάρ
982 1795 1099 1879 ταάτην
1117 1797 1177 1859 τοῦ
1196 1799 1349 1862 uolo-15

215 1899 285 1962 rr‘ov
306 1895 476 1980 κατήγαγεν
494 1897 701 1981 Ἀλέξανδρος
720 1893 736 1960 δ
757 1894 921 1981 βασιλεάς)
944 1895 1190 1977 ἀναβιβάζουσιν
1205 1892 1303 1958 πάλιν

180 1992 321 2079 Βαάτήν.
346 1993 427 2078 oderi
442 1988 499 2060 οδν
511 1996 700 2079 περικρατής
720 2000 865 2082 γενομένη
886 1997 943 2079 τῆς
960 1999 1123 2076 βασιλείας
1144 1991 1304 2078 άναβιβά.

215 2097 264 2172 ζει
284 2093 373 2169 εἰςεό
396 2093 544 2160 παλάτιον
565 2097 804 2160 Κωνστανιῐνον
825 2095 1106 2178 παρακοιμοδριενον
1127 2092 1183 2158 καί
1203 2097 1304 2158 Κων-

215 2201 374 2260 σταντῖνον
394 2193 449 2259 κατ’
466 2193 673 2260 Ἀναστάσιον
693 2195 921 2280 αδταδδλφονς,
940 2193 1206 2277 εοδςλεγομένυυς
1214 2195 1243 2258 Γ
1241 2215 1300 2278 ογ-

215 2295 352 2377 γυλίοος.
394 2296 449 2360 καί
468 2296 507 2381 τῇ
524 2297 622 2380 βουλή
646 2293 794 2362 Ἰωάννου
823 2295 880 2358 τοῦ
898 2295 1009 2358 neure
1030 2290 1349 2374 ναεαβιβάζονσινσο

215 2391 289 2468 τούς
320 2395 451 2484 σι’κειόυς
479 2393 682 2477 Ἀλεξάνδρου
711 2389 1301 2478 βασιλέως,’1ωάννηντάνῥαιλτωρα

216 2495 274 2556 arai
294 2494 349 2558 τὸν
380 2493 544 2576 λεγόμενον
570 2495 600 2557 Γ
598 2491 827 2576 αβριλάπουλον
857 2489 912 2555 sal
931 2493 1123 2576 Βασιλίτζην
1146 2493 1200 2555 καὶ
1224 2489 1301 2569 eosic

218 2593 356 2669 λοιπούς.
396 2593 633 2678 προχειριζεται
653 2593 689 2655 δὲ
711 2587 786 2675 Ζωή
803 2588 973 2674 Αδγοάστα
996 2591 1218 2676 Θεοφάλακτον
1238 2594 1302 2658 Δο-

219 2855 266 2911 dio
282 2864 436 2926 conspecto,
454 2873 502 2927 ape
520 2856 649 2928 deceptus
667 2857 696 2910 in
715 2857 802 2910 locum
821 2856 987 2910 llebdomnm
1003 2857 1112 2917 dictum,
1130 2857 1204 2928 pecie
1222 2855 1301 2910 obla·

218 2933 296 2978 turus
316 2925 434 2990 foedera,
454 2945 574 2980 reversus
592 2937 641 2980 est.
689 2929 905 2998 procuratoribus
926 2945 1016 2999 pacem
1045 2927 1163 2980 oblatam
1182 2928 1301 2980 libenter

220 2997 427 3066 excipientibus,
446 2999 554 3050 Simeon
571 2997 744 3050 Theodorum
764 3001 916 3066 magistrum
936 3000 970 3051 dc
989 3001 1036 3051 illa
1056 3007 1229 3052 tractaturum
1248 3002 1301 3052 mi-

219 3067 264 3118 sit.
301 3067 428 3119 Nicolaus
447 3078 536 3120 autern
554 3069 718 3138 patriarcha,
742 3069 894 3140 Stephanus
916 3078 944 3122 et
963 3073 1076 3122 loannes
1095 3073 1230 3138 magister,
1247 3071 1301 3122 tm·

221 3145 344 3207 peratore
363 3155 451 3190 aecum
473 3139 568 3200 ducto,
594 3139 751 3192 blachernas
770 3157 854 3210 usque
873 3141 988 3210 proiecti
1006 3142 1076 3192 filins
1098 3141 1230 3194 Simeonis
1251 3157 1299 3208 ge·

220 3210 307 3259 minos
322 3207 487 3261 induxerunt
504 3209 532 3262 in
551 3209 653 3272 urbem,
672 3213 718 3280 qui
739 3214 765 3262 in
778 3213 882 3280 palatiis
904 3229 955 3262 una
975 3229 1033 3262 cum
1053 3213 1215 3281 imperatore
1233 3229 1300 3262 con-

221 3279 302 3329 vivati
321 3287 393 3330 sunt.
430 3281 542 3332 Nicolno
572 3281 820 3349 compatriarchae
847 3281 881 3332 ad
903 3283 1053 3333 Simeonem
1080 3281 1219 3334 accedenti
1241 3285 1300 3351 ipse

222 3349 331 3400 Simeon
352 3359 431 3418 caput
450 3350 561 3402 inflexit.
605 3352 753 3420 patriarcha
772 3353 853 3419 igitur
871 3369 949 3421 nuper
976 3369 1035 3402 eum
1056 3356 1205 3404 urntionern
1224 3352 1300 3404 luan-

222 3437 276 3480 rus‚
295 3423 438 3471 stemmatis
461 3423 518 3472 vice
538 3425 674 3490 proprium
704 3424 798 3491 capitis
823 3430 1004 3490 tegumentum
1028 3424 1086 3473 eius
1106 3424 1233 3490 imposuit
1253 3440 1300 3473 ca·

221 3491 282 3559 piri.
329 3489 408 3542 donis
436 3493 527 3560 itaque
554 3495 687 3544 immensis
719 3502 746 3544 et
763 3509 841 3562 quam
869 3493 989 3544 maximis
1016 3497 1120 3562 excepti
1147 3493 1255 3544 Simeon
1274 3503 1301 3544 et

223 3563 280 3682 plius
299 3559 348 3611 filii
367 3562 395 3612 in
423 3565 533 3632 petriam
556 3565 744 3624 revenirent,
768 3561 904 3614 discordes
933 3563 969 3614 ob
988 3565 1123 3633 praefatae
1143 3565 1216 3634 pncia
1234 3579 1301 3616 cota-

243 3647 354 3683 rcrones.
1150 3659 1153 3667 ·

294 3703 471 3754 Conatnntino
502 3703 584 3769 igitur
612 3703 772 3773 imperatore
791 3719 839 3754 ceu
868 3719 952 3772 puero
973 3703 1108 3774 propriam
1126 3709 1237 3768 matrem
1257 3719 1301 3755 re·

224 3771 350 3839 quirente
367 3777 438 3838 (earn
460 3773 530 3822 enim
550 3773 628 3840 louge
647 3775 719 3840 priua
743 3773 895 3825 Alexander
914 3775 1058 3843 imperator
1074 3777 1219 3848 amoverat)
1241 3786 1300 3825 rur-

225 3855 269 3890 sus
300 3842 328 3890 iu
356 3841 484 3908 palatium
510 3841 681 3894 induxerunt.
727 3843 755 3896 in
775 3844 846 3894 bunc
870 3844 977 3894 modum
1002 3845 1049 3896 illa
1067 3845 1174 3914 imperii
1193 3861 1300 3914 compca

224 3907 428 3962 Constantinum
447 3913 637 3974 accubitorem‚
654 3913 736 3962 aliurn
755 3915 960 3966 Constantinum
978 3923 1006 3966 et
1023 3915 1189 3967 Anastasium
1207 3917 1299 3967 fratres
1371 3921 1372 3926 ’

224 3987 402 4044 cognomento
421 3979 587 4048 Gongylios,
608 3983 636 4033 in
649 3983 777 4051 palatium
796 3986 923 4045 accersit,
942 3987 1048 4048 eiectis,
1076 3987 1183 4037 loannis
1202 3985 1300 4038 Eladaa

225 4047 346 4106 consilio,
364 4049 509 4102 Alexandri
528 4053 696 4122 imperatoris
713 4051 865 4106 domesticis
884 4063 911 4106 et
928 4055 1117 4119 familiaribus,
1139 4058 1241 4108 loanne
1259 4073 1299 4107 re·

226 4121 299 4167 ctore
319 4125 346 4168 et
364 4118 558 4190 Gabrielopnlo
585 4130 614 4174 et
632 4123 754 4175 Rasilitzc
780 4133 808 4176 et
835 4127 939 4178 ceteris.
987 4129 1038 4180 Zoa
1063 4137 1154 4179 nutem
1183 4132 1299 4197 Augusta
