2750 4602
232 235 305 310 476
650 243 900 308 eustatmus

231 381 472 480 ριεργασάμενοι
503 386 605 470 άλλως
634 397 681 471 είς
713 395 805 458 πίντε
833 394 982 476 χιλιάδας
1004 390 1185 478 ἠρίθμησαν
1205 385 1238 454 τό
1263 413 1325 454 κοι-

231 495 302 578 κόν,
327 494 408 576 μήτε
440 492 514 572 τούς
551 495 777 577 πεκνιγμίνσος
812 489 1163 578 σνγκεφαλαιοοσάμενοι
1196 487 1325 566 τούτοις

230 592 309 676 μήτε
331 593 451 678 δηλαδηΙ
475 591 550 672 τούς
570 595 617 658 ἐπ’
638 590 731 658 οἴκων
750 592 926 675 πεσόντας,
947 589 1028 656 ἀλλά
1048 588 1164 672 μόνους
1187 591 1324 676 ἀριθμῷ

232 689 399 768 δεδωκότες
420 691 516 770 όσοος
538 695 647 770 αότοῖς
673 697 823 767 όκθέτοος
842 695 1002 786 κειμένοις
1021 687 1106 776 ἥλιος
1125 687 1254 776 ἔφηνεν.

331 794 480 858 Ἐνταῦθα
511 790 601 858 δάκοι
636 788 676 858 ris
706 793 840 875 καρδίαν
871 789 985 874 ἀνδρός
1007 793 1168 876 φιλοίκτοα
1189 792 1247 854 καί
1269 784 1345 852 iiras

170 893 172 898 ’
229 890 302 966 τούς
323 895 484 975 κειμένους
501 889 535 956 όν
555 915 588 956 τε
609 900 677 967 ταῖς
697 891 854 976 ἀμφόδοις
873 890 928 955 καί
948 892 1033 976 ἀνιῇ
1053 884 1223 971 ἀκροπόλει
1245 886 1320 951 ἀλό·

229 1013 296 1074 γοις
324 991 416 1070 ζιόοις
445 989 667 1075 ἀναμιγνύντες
693 993 856 1072 κατέκαιον
883 989 912 1054 oi
933 992 1055 1074 όχθρσί,
1074 985 1109 1052 τό
1129 992 1321 1071 μισάνθρω.

230 1113 310 1172 πον,
338 1089 400 1170 (inti
433 1092 488 1156 κατ’
519 1095 611 1156 τοῦτο
642 1090 825 1173 δράσαντες.
874 1089 914 1155 τά
933 1091 1045 1174 πρῶτα
1065 1087 1126 1174 γάρ
1149 1084 1205 1172 ύφ’
1227 1089 1321 1172 η’μιύν

230 1188 505 1278 παρακαλούμενοι
533 1194 717 1274 καταχῶσαι
733 1190 806 1268 τούς
827 1186 972 1274 νεκρούς,
999 1188 1044 1273 μή
1074 1193 1129 1254 καί
1155 1192 1218 1252 δία
1241 1191 1320 1250 δοσ-

230 1285 397 1370 πρόοοοπος
424 1287 580 1356 ἔκκεινιαι
616 1293 672 1354 καί
705 1289 870 1376 ἀποφοράς
902 1291 938 1354 δὲ
968 1287 1100 1370 νοσερὰς
1130 1286 1362 1368 ἀτμίσωσινμο,

230 1383 343 1462 ἐθάδες
365 1387 513 1454 τοιούτων
542 1389 637 1454 scisci
656 1387 780 1476 ἔφασαν
800 1382 901 1474 εἶναι,
927 1385 983 1452 καί
1002 1389 1128 1471 χαίρειν
1150 1387 1318 1460 τοιαύταις

229 1489 321 1562 θόοις
340 1511 372 1552 τε
393 1513 445 1552 και
469 1487 593 1570 όδμαίς.

315 1583 353 1652 Oi
384 1588 448 1671 μην
481 1587 518 1670 δη
547 1591 657 1654 πολλοί
687 1585 776 1674 φόνοι
797 1583 904 1651 suini
934 1583 1077 1673 σφοδραὶ
1095 1585 1241 1670 ἁρπαγαί
1263 1587 1322 1648 καί

227 1684 264 1752 τά
288 1688 383 1750 πλείω
406 1687 486 1752 κακά
505 1691 625 1753 δοκοῖεν
656 1682 695 1752 όν
712 1691 804 1769 λῆξαι
830 1684 910 1767 μετά
935 1689 1135 1772 μεσημβρίαν
1161 1689 1218 1770 τῆς
1241 1681 1318 1766 ἡμέ-

228 1807 288 1868 ρας
310 1787 381 1849 aaa·
404 1781 442 1869 ἢν
462 1785 482 1868 ἤ
503 1782 630 1867 ἅλωσις,
653 1787 686 1866 ε”ξ
706 1785 914 1868 ἐπιτάγματος
935 1787 998 1850 τάν
1019 1782 1173 1869 κομητων.
1216 1777 1257 1866 ἢν
1279 1787 1314 1848 δὲ
1327 1804 1352 1854 tt

227 1880 408 1968 σάββατον,
429 1883 467 1948 ου’
490 1885 595 1971 φυγὴν
614 1883 706 1968 ἕχον,
728 1883 767 1967 ἢν
786 1883 993 1968 εόαγγελικοός
1016 1881 1174 1961 ἀπεύξαιτ’
1196 1877 1237 1947 ἀν
1256 1907 1314 1966 τις,

227 1981 308 2046 ἀλλά
330 1985 517 2068 τηλικαύτης
536 1985 656 2061 πόλεως
676 1975 817 2068 ὄλεθρον.
839 1981 878 2050 τά
900 1985 929 2048 δ’
945 1985 1097 2062 ,ἐντεῦθεν
1115 1977 1173 2048 ούκ
1195 1977 1235 2048 ἀν
1255 1987 1315 2063 μὲν

226 2104 274 2155 τις
293 2077 416 2166 φράσαι
452 2081 496 2158 ὥς
517 2085 617 2168 μηδέν
635 2105 664 2148 τι
692 2085 853 2164 satrapas·
904 2075 962 2148 ὅσα
994 2083 1030 2146 δὲ
1064 2079 1149 2148 ἔστιν
1169 2085 1313 2159 ἐπιλέξα-

226 2185 327 2266 σθαι,
355 2181 547 2264 αύχὴοωμεν
575 2177 616 2247 ἀν
643 2185 699 2248 καί
723 2183 815 2248 αότοί
842 2178 945 2247 ἱκανοί
970 2179 1101 2248 ἔσεσθαι
1122 2179 1311 2266 ἀπογράψα.

225 2285 314 2346 σθαι.
356 2281 467 2358 πάντες
500 2279 530 2347 ai
554 2281 614 2362 ἔξω
635 2281 788 2364 ἱππόται,
809 2285 863 2347 καί
885 2279 915 2346 oi
935 2281 1089 2365 ναύαρχοι
1111 2283 1154 2366 δέ,
1176 2281 1348 2356 deuteri-20

224 2383 293 2456 θοις
325 2381 359 2445 δὲ
382 2383 437 2448 καί
465 2379 493 2446 oi
527 2380 608 2468 ἀμφ’
631 2376 768 2466 αύτούς,
798 2379 1057 2464 ἀνακαθηραντες
1078 2373 1138 2464 ἤδη
1159 2379 1198 2446 τά
1217 2380 1311 2466 σφίσι

226 2480 349 2565 φοβερά
370 2477 425 2546 καί
443 2478 631 2564 μισήσαντες
645 2480 689 2558 τίς
707 2484 799 2548 πλέον
811 2484 1043 2568 αίδριοκοιτεῖν,
1057 2477 1197 2565 ἔπλησαν
1210 2482 1311 2557 ἀδεῶς

225 2770 306 2830 prout
325 2762 353 2824 ii,
374 2763 418 2831 qni
438 2762 530 2815 urbem
549 2765 686 2826 obierunt,
708 2781 788 2834 quum
814 2770 940 2834 poterant
959 2762 1162 2831 diligentissime
1181 2764 1306 2815 aestima-

225 2841 297 2895 runt,
314 2849 372 2883 cum
384 2834 521 2904 peditibus
531 2835 651 2904 Bulgris
666 2843 693 2886 et
710 2835 821 2899 ceteris,
840 2837 885 2904 qui
901 2835 1065 2896 ceciderunt,
1084 2833 1227 2884 militibus.
1247 2835 1306 2885 bar-

224 2901 282 2952 bari
301 2911 400 2968 autem,
418 2905 510 2956 inutili
530 2923 621 2978 opera,
641 2906 674 2957 sd
694 2907 814 2976 quinque
841 2907 926 2956 millia
946 2906 1090 2956 occisorum
1110 2913 1306 2974 computamus,

224 2977 369 3026 numeratis
394 2993 482 3046 neque
511 2977 563 3040 iis,
589 2977 636 3048 qni
657 2977 776 3028 suffocati
795 2985 888 3038 erant,
908 2993 957 3028 nee
976 2977 1022 3044 qni
1041 2977 1068 3026 in
1087 2975 1200 3026 aedibus
1220 2978 1307 3044 perie-

225 3053 292 3106 runt,
311 3044 359 3104 κοιλ
379 3046 411 3098 iis
430 3054 532 3098 tantum
551 3065 583 3100 eo
600 3064 711 3099 uuurero
729 3046 937 3116 comprehensis,
956 3063 1022 3118 quos
1041 3047 1070 3098 in
1088 3047 1199 3116 publico
1217 3047 1307 3116 proie-

224 3122 281 3166 ctos
299 3115 340 3165 sol
361 3117 544 3170 collustrabat.

293 3182 343 3236 llic
362 3185 484 3238 mordeat
502 3190 619 3240 animum
638 3187 756 3240 bominis
774 3185 967 3248 misericordis,
987 3186 1060 3255 qnorl
1079 3196 1105 3238 et
1125 3187 1153 3237 in
1175 3187 1260 3237 triviis
1281 3195 1307 3236 et

223 3255 251 3307 in
265 3272 324 3308 arce
335 3258 452 3326 proiecta
470 3275 584 3330 eumque
597 3260 683 3310 brutia
701 3259 860 3312 animalibus
873 3259 955 3308 mixta
966 3258 1092 3310 caelavera
1111 3256 1224 3314 barbari,
1243 3273 1308 3323 gens

223 3327 314 3395 generi
331 3327 446 3380 hornano
467 3329 575 3394 intesta,
593 3329 803 3391 combusserunt,
824 3346 882 3380 sero
900 3329 1004 3380 demum
1029 3347 1061 3380 eo
1079 3329 1193 3380 coasilio
1212 3329 1308 3378 suncti.

224 3399 296 3466 prius
316 3400 387 3450 euim
406 3401 501 3451 moniti
520 3418 535 3451 a
564 3402 662 3463 nobis,
679 3409 710 3452 nt
736 3400 885 3470 sepelirent
907 3399 1045 3461 cadavera,
1065 3417 1099 3450 ue
1120 3407 1188 3450 tetro
1208 3399 1308 3467 adspe-

223 3477 266 3520 ctu
289 3469 409 3522 iacerent
433 3479 460 3522 et
485 3487 597 3540 vapores
625 3473 720 3523 nonius
751 3470 924 3532 exhalarent,
951 3479 1072 3522 assuetus
1099 3486 1129 3522 ae
1147 3471 1227 3520 rebus
1253 3471 1309 3520 illis

222 3555 281 3592 esse
301 3548 328 3592 et
348 3541 396 3592 tali
414 3540 543 3610 adspectu
566 3551 593 3593 et
615 3541 700 3593 halitu
718 3540 847 3594 delectari
867 3542 1073 3610 responderunt.

312 3611 415 3664 Caedes
441 3612 568 3682 frequens
587 3621 615 3664 et
633 3615 725 3681 rapina
743 3612 861 3663 ferocior
879 3619 906 3663 et
924 3613 1032 3664 miseria
1052 3611 1138 3664 maior
1156 3609 1206 3663 sub
1225 3611 1307 3662 meri·

205 3678 293 3731 -diem
311 3683 370 3734 eius
395 3683 465 3746 diei,
492 3700 546 3754 quo
564 3692 642 3754 capta
662 3682 724 3734 urbs
751 3691 811 3747 est,
842 3698 876 3734 ea
904 3683 1017 3752 imperio
1038 3683 1167 3734 comitum
1187 3699 1304 3734 cessasse

221 3749 371 3804 videbatur.
419 3761 478 3806 erat
511 3763 599 3807 autem
625 3753 775 3814 sabbatum,
794 3769 850 3806 non
871 3751 934 3822 luga
951 3753 1065 3823 insigne,
1084 3771 1163 3824 quam
1181 3754 1244 3822 quis
1264 3769 1306 3804 se-

221 3820 336 3873 eundum
363 3823 530 3893 evangelium
556 3825 724 3894 deprecetur,
743 3823 792 3876 secl
814 3833 866 3875 tam
886 3825 999 3875 eximiae
1019 3823 1093 3875 urbis
1114 3824 1199 3874 ruina.
1238 3841 1305 3894 quae

222 3889 320 3943 deinde
334 3905 423 3947 secuta
442 3905 522 3958 suut,
541 3913 572 3947 ea
593 3913 671 3947 nemo
684 3897 721 3948 its
738 3893 915 3964 explicuerit,
933 3893 1148 3958 nanthildem,
1169 3893 1217 3946 sed
1237 3911 1305 3965 quae

222 3962 320 4010 narrari
346 3974 477 4030 possunt,
504 3983 534 4018 ea
555 3966 676 4037 quidem,
697 3967 719 4016 si
733 3967 890 4036 'qnisquam
910 3981 958 4016 nos
979 3965 1058 4017 uobis
1078 3965 1201 4018 videmur
1221 3983 1305 4034 expo·

187 4073 189 4076 .
222 4046 284 4079 nere
304 4047 391 4098 posse.
435 4053 527 4088 ornnes
553 4039 650 4104 igitur,
670 4038 716 4106 qni
738 4046 812 4088 entra
841 4035 1035 4098 umentorum,
1057 4038 1173 4106 equites,
1196 4045 1225 4088 et
1245 4053 1305 4087 vero

221 4099 365 4164 asoarcbi,
385 4121 442 4155 curu
474 4107 528 4157 suis
554 4109 669 4178 «pisisque
691 4108 834 4170 ministris,
861 4106 968 4159 liberati
988 4107 1039 4160 iarn
1062 4107 1140 4160 rebus
1165 4107 1305 4168 carnibus,
