2776 4612
231 289 287 350 DE
302 285 607 356 ’ruessmotttct
625 287 655 355 Δ
672 291 830 356 nuituis
850 288 991 357 cumi.
1082 283 1155 358 389

64 459 126 510 τοις
150 436 181 499 δ’
200 431 240 505 όν
263 437 318 502 καί
336 437 389 502 τόν
400 441 457 504 τοῦ
469 439 626 525 Μανοοηλ
648 441 749 506 παῖδα
771 440 958 508 αίδέσεσθαι
979 439 1059 506 κατά
1080 440 1156 516 roric

65 533 207 615 σοχνοός
228 531 350 622 όρκοος,
371 543 425 602 καί
444 539 582 620 μάλιστα
604 539 679 615 τούς
707 536 848 625 άσττρον,
869 539 926 614 ode
945 539 1027 621 μετά
1048 539 1156 614 πάθας

67 631 187 708 πολλάς
210 635 351 718 ἀπέκρινε
374 640 499 720 δοῦναι,
521 638 576 704 καί
604 638 749 713 δεδωκάς
768 636 824 722 την
844 641 906 705 τῶν
932 640 1156 724 Παφλαγόνων

67 732 322 816 ἀντεκληροόσατο
350 741 429 820 γῆν,
451 735 494 810 oie
525 735 580 802 καί
605 740 897 820 σερατοπεδαρχεῖν
917 740 1017 804 ἐκεῖσε
1039 743 1094 804 καί
1115 735 1155 802 τά

42 833 190 896 senators»
209 835 255 908 εἰς
272 837 382 918 κέρδος
403 836 683 922 ἀπονοσφίζεσθαι.
726 836 781 900 καί
800 829 886 919 εἶχον
903 841 962 918 μὲν
982 833 1081 914 οὕτως
1102 841 1156 906 άλ-

67 931 170 994 πίδοσν
191 929 220 996 oi
243 934 300 1016 τῆς
319 933 577 1016 μεγαλοπόλεονς·
621 933 655 1000 oi
677 935 713 1000 δὲ
734 929 816 1019 ἦσαν
834 937 958 1010 ἐλπίδες
981 929 1082 1011 άλλως
1103 936 1159 1003 καί

69 1022 201 1114 ὀνείρων
219 1029 299 1097 κατά
321 1031 375 1098 τόν
396 1031 520 1098 εἰπόντα
541 1031 625 1118 σκιά,
648 1030 691 1110 σός
712 1029 729 1097 ό
750 1032 849 1100 inscio
870 1032 983 1117 χρόνος
1007 1038 1154 1118 ἀνέδειξε,

66 1129 193 1211 ψεάσας
210 1127 267 1214 την
285 1132 383 1216 καλὴν
403 1135 589 1219 ζωγραφίαν
609 1129 648 1218 ἢν
677 1131 790 1199 όκαθ
811 1135 866 1198 ἕνα
887 1135 942 1198 ε’πί
960 1136 1004 1222 τῷ
1023 1135 1215 1218 Ἄνδρα-274

67 1233 141 1318 νάκην
169 1227 387 1296 ε’νετνπιόσατο
423 1233 470 1308 εἰς
497 1227 627 1318 όαιιτόν,
658 1233 713 1300 καί
741 1233 921 1316 ἀπαλείψας
949 1239 1008 1315 μὲν
1042 1229 1154 1320 αότήν,
1262 1293 1276 1328 ‚

28 1325 263 1415 introiverit
286 1327 340 1394 τόν
359 1323 462 1414 άνδρα
482 1335 706 1416 καινότροπον,
727 1335 826 1398 εἰπεῖν
847 1333 1072 1418 εὐφημότερον.

150 1424 248 1494 Ἀλλά
271 1432 364 1493 τοῦτο
385 1432 445 1508 μὲν
466 1428 577 1516 μικρόν
592 1455 624 1496 τι
649 1429 801 1517 ὕστερον·
822 1431 894 1497 τότε
916 1434 952 1496 δὲ
973 1434 1154 1498 ἀνεκαλεῖτο

67 1527 198 1602 ἕκαστος
225 1525 281 1591 τόν
309 1527 509 1612 Ἀνδρόνικον
539 1527 584 1608 sic
605 1525 666 1615 ἤδη
694 1530 750 1597 καί
777 1527 920 1616 παρόντα,
940 1523 960 1615 ἢ
980 1535 1057 1616 γοῦν
1073 1529 1155 1596 ἀλλά

67 1623 293 1710 παρεσόμενον.
341 1627 384 1704 οἷς
406 1631 442 1694 δὲ
464 1629 502 1694 ’τό
522 1627 695 1717 φάντασμα
721 1625 889 1716 ὄψεάοατο,
909 1631 963 1697 καί
982 1629 1000 1695 ό
1020 1627 1156 1712 πόλεμος

67 1727 143 1810 περί
164 1722 270 1812 δείλην
291 1724 390 1808 ότμίαν
410 1730 630 1814 κατειργάσθη,
653 1727 751 1813 ῥίψας
771 1728 904 1806 πολλοὺς
925 1733 981 1796 καί
997 1728 1031 1794 τό
1053 1725 1156 1794 νότιον

27 1842 58 1896 15
67 1823 278 1910 πολυάνδριον
298 1825 333 1892 τό
359 1825 435 1910 πρός
455 1831 494 1916 τῇ
513 1827 664 1917 θαλάσσῃ
694 1826 816 1912 πλήσας
837 1833 953 1914 νεκράν
971 1830 1154 1912 βασιλικῶν,

66 1922 85 1988 ό
105 1923 144 2009 δὴ
166 1925 286 2010 σαπρία
318 1927 486 2010 τεθόληται
506 1929 676 2012 λέγεσθαι,
695 1927 751 1992 καί
771 1928 869 2014 ἐχρῆν
888 1926 966 1994 κατά
986 1951 1056 1994 τινα
1077 1924 1169 2008 idio?

65 2029 162 2104 βαοιν
194 2023 252 2108 την
281 2025 352 2092 τότε
382 2025 520 2105 δόξασαν
539 2029 643 2113 η’ρδμα
668 2031 860 2112 καταστῆναι
884 2023 958 2103 τοός
977 2049 1010 2092 τε
1029 2031 1155 2109 βασιλι-

64 2121 142 2198 κοός
172 2121 247 2200 τοός
264 2147 297 2190 τε
329 2125 617 2214 ίκκλησιαοτικοάς,
649 2123 721 2192 dnos
752 2131 811 2208 μὲν
830 2120 928 2212 ἦλθον
956 2127 1103 2209 μεθόδων
1124 2120 1155 2190 oi

63 2218 148 2308 τότε,
165 2219 321 2308 πάρεργον
343 2216 434 2305 οἶμαι
451 2225 652 2312 ξυγγράφειν,
672 2223 691 2290 ό
710 2228 747 2292 dl
759 2227 835 2311 ἡμῖν
858 2223 1002 2290 όδοποιεῖ
1015 2223 1055 2289 τά
1077 2226 1152 2310 ipo·

21 2325 129 2407 οοξῆς,
150 2317 324 2406 εἰρήσεται.
959 2326 976 2375 ⁰

146 2419 419 2488 Ἀποκαθίσταται
445 2423 505 2503 μὲν
522 2420 602 2504 μετά
622 2445 694 2488 τινα
725 2423 923 2508 διαστήματα
944 2419 1069 2508 ἔμμηνα
1091 2447 1152 2486 πα-

62 2527 229 2608 τριαρχεΐν
249 2514 347 2598 αὖθις
366 2522 545 2606 ἀναγκαίως
565 2516 582 2586 ό
604 2517 775 2606 ίεροότατος
797 2520 974 2604 Θεοδόσιος,
995 2523 1152 2604 ονγκαθί-

67 2815 126 2849 rum
145 2797 278 2850 Monoelis
296 2813 407 2866 puerum
424 2805 537 2870 propter
554 2801 712 2863 iuramenta,
739 2815 808 2870 quoe
828 2799 936 2863 feceret,
975 2797 1080 2860 lurims,
1098 2813 1150 2866 po-

67 2868 181 2921 steriora
203 2870 372 2937 praesertim,
400 2885 471 2938 quoe
496 2878 557 2940 post
578 2887 685 2940 snoguss
720 2871 839 2923 miserius
860 2869 924 2922 dure
962 2876 1105 2930 ecreverot,
1123 2875 1152 2920 et
1209 2871 1214 2877 “

67 2955 151 3009 quum
170 2938 296 3001 dedisset,
319 2939 525 3008 Paphlagoniam
554 2943 582 2994 iu
603 2943 686 2994 vicem
708 2942 819 3011 occepit,
838 2949 868 2993 ut
889 2949 918 2992 et
933 2939 1075 3009 imperium
1094 2940 1150 2990 eius

67 3011 221 3080 provinciae
241 3019 377 3062 exerceret
396 3019 424 3062 et
440 3011 491 3062 sibi
512 3011 575 3063 iude
598 3013 699 3064 lucrum
725 3013 835 3062 luceret.
874 3011 955 3062 tolem
977 3011 1058 3078 igitur
1076 3026 1151 3077 spem

67 3081 156 3133 omnis
175 3079 269 3132 civitas
287 3079 387 3131 olebat.
424 3079 471 3132 sed
493 3093 550 3134 eret
569 3100 599 3134 es
620 3101 680 3152 spes
698 3083 785 3134 iusuis
804 3089 832 3133 et
850 3082 954 3143 somnii,
975 3079 1048 3150 quod
1066 3081 1152 3144 siunt,

67 3169 135 3204 vona
153 3151 263 3220 species,
281 3149 507 3220 quemadmodum
526 3160 630 3221 tempus
648 3153 746 3206 deiude
766 3159 884 3204 secutum
899 3150 1057 3212 declaravit,
1077 3151 1152 3220 quod

65 3224 186 3292 pulcram
199 3221 273 3273 illum
292 3221 440 3288 imaginem,
459 3239 539 3343 φάεα]
557 3224 590 3274 de
599 3224 751 3275 Andronico
769 3223 819 3274 sibi
832 3223 946 3293 quisque
958 3223 1152 3284 confinxerant,

67 3293 170 3344 delerit
186 3301 214 3343 et
232 3291 368 3351 abstersit,
385 3299 462 3344 osten
483 3293 559 3363 itque
577 3293 729 3358 homiuem,
748 3301 778 3346 ut
806 3293 948 3362 benignius
979 3293 1081 3354 dicam,
1102 3308 1153 3343 no·

66 3383 129 3417 vum
149 3371 176 3414 et
194 3363 342 3414 insolitum.

139 3433 192 3486 Sed
212 3433 281 3484 illud
307 3431 416 3502 quidem
434 3435 518 3504 poulo
541 3443 606 3504 post
624 3433 723 3486 suctum
751 3439 801 3484 est.
843 3441 900 3486 tum
925 3440 1014 3484 eutem
1041 3430 1155 3483 vocobst

68 3507 255 3574 uuusquisque
267 3503 458 3568 Andronicum,
477 3513 604 3577 tauquam
622 3506 674 3555 inus
692 3511 869 3574 praesentem,
889 3512 936 3556 out
953 3511 1025 3554 certe
1044 3501 1155 3572 quidem

66 3593 131 3628 mox
144 3579 295 3627 offuturum.
318 3591 388 3646 quoe
406 3592 466 3645 spes
480 3594 563 3646 quum
582 3575 723 3628 fefellisset
743 3577 823 3638 cives,
843 3583 871 3626 et
891 3573 994 3624 bellum
1007 3573 1091 3622 multa
1105 3588 1155 3623 re-

66 3664 144 3715 spern
166 3655 301 3709 cessasset,
317 3646 461 3716 fractisque
479 3647 571 3698 multis
586 3655 613 3698 et
623 3646 784 3698 coemeterio
794 3645 915 3706 australi,
936 3643 1009 3712 quod
1027 3641 1062 3694 sd
1082 3657 1154 3695 more

65 3719 187 3788 pertinet
205 3725 233 3768 et
260 3715 409 3785 putredinis
431 3733 529 3769 nornen
549 3718 656 3776 meruit,
677 3715 850 3768 cadaveribus
876 3715 988 3783 impleto
1008 3713 1155 3783 imperoto-

66 3789 126 3846 riis,
146 3785 290 3838 seouudum
312 3789 463 3857 pactionem
485 3795 542 3838 tum
564 3788 659 3839 initam
682 3787 821 3856 quiescere
839 3791 976 3854 oporteret
992 3791 1021 3835 et
1038 3786 1152 3852 impero-

68 3857 157 3911 torios
180 3863 207 3906 et
230 3859 445 3922 ecclesiasticos,
471 3873 696 3927 supervacaneum
716 3863 781 3925 puto
802 3871 924 3918 nurture,
949 3854 1016 3923 quas
1036 3853 1079 3904 illi
1099 3862 1157 3906 tutu

9 3925 10 3928 ’
68 3925 242 3980 conditiones
264 3930 465 3994 constituerint,
492 3946 523 3981 oo
541 3927 662 3980 dicturus
680 3941 756 3991 sum,
777 3925 851 3996 quod
870 3926 940 3978 viam
955 3923 1035 3976 nubis
1053 3925 1158 3977 muniet

68 3997 106 4050 ed
127 4011 168 4048 res
187 3994 285 4048 deiude
304 4009 418 4052 secutos.

144 4065 303 4120 ttestituitur
323 4079 385 4138 post
403 4070 482 4124 unius
503 4069 558 4121 iere
575 4067 674 4120 mensis
702 4063 812 4119 dissidia
834 4067 864 4118 in
880 4064 1091 4136 patriarchatum
1111 4081 1160 4118 us-

70 4138 195 4192 cessitoto
217 4145 333 4206 cogente,
348 4143 529 4196 sanctissimus
551 4138 733 4200 Theodosius,
760 4138 930 4210 societurque
951 4154 1011 4190 cum
1033 4155 1065 4190 eo
1088 4151 1161 4188 cons·
