2750 4602
574 237 723 304 NOTAE.
1121 233 1190 306 521

191 393 231 456 53
274 393 442 472 defleremus
471 392 528 456 stol
555 393 698 474 τζαγγία]
727 391 834 476 putem
854 413 975 455 saeuum
998 391 1195 475 imperatoris
1247 457 1250 464 ,

106 480 227 562 insigne
246 501 316 540 oum
338 479 464 555 calceis,
487 478 599 561 quibus
621 479 746 539 Basilius
780 476 904 538 indutus
934 475 1051 538 dicitur
1071 499 1089 538 a
1107 475 1195 538 cubi.

103 563 241 642 saleriis,
261 563 469 644 superiniecta
501 561 681 646 chlamyde3
703 583 768 644 quo
793 561 901 622 habitu
924 561 1036 624 Graeci
1059 561 1195 643 impera-

104 655 194 708 tores
213 647 324 728 passim
348 644 449 706 induti
469 656 642 708 cernuntur
663 646 745 728 apud
768 643 939 708 Chaloond·
960 653 1018 707 etc.

207 763 248 825 54
288 761 464 843 εἰσαγαγεῖν
485 760 519 823 s'r
539 755 656 847 σάκκῳ]
684 784 768 824 sacco
789 762 922 823 indiarum
941 761 1115 845 prodirem,
1141 767 1196 822 lu·-
1285 791 1288 798 ⁴

105 850 176 908 nica
198 847 316 908 scilicet
338 845 500 928 imperiali,
522 847 569 906 uti
597 849 691 909 etiam
718 850 824 907 lennes
846 865 918 906 cum
940 843 1195 926 archiepiscopali

103 932 201 1012 pallio
225 932 346 992 tumulo
367 931 496 992 eductus
516 939 571 1002 est,
596 922 665 1006 ἅμα
686 930 727 1012 τῷ
748 926 940 1011 &popuplus
964 935 999 987 nt
1013 927 1058 989 his
1079 929 1109 988 in
1123 927 1194 991 Cir.

107 1037 148 1078 co
173 1014 294 1078 solenni
317 1016 382 1076 ritu
403 1023 493 1076 exuta
506 1013 656 1074 cadavera
677 1012 862 1094 vapulareut
880 1033 916 1072 ae
937 1020 1003 1074 tum
1016 1031 1196 1075 cremaren-

106 1108 172 1176 tur,
194 1099 239 1159 uti
262 1097 377 1159 saelum
399 1107 453 1158 est.

208 1205 248 1268 55
289 1205 445 1287 γενεσιόυ]
466 1205 615 1287 generalis
634 1205 806 1286 logothetae.

208 1323 250 1388 55
293 1319 309 1387 ὃ
330 1327 473 1410 Πέρσης]
498 1328 580 1389 huuc
593 1329 717 1388 Persam
737 1329 801 1410 ipsa
817 1325 880 1392 ,hac
901 1327 1013 1409 pagina
1034 1326 1196 1408 Eulogium

107 1411 256 1492 appellet,
280 1411 365 1472 euius
385 1433 472 1473 suasu
495 1411 682 1474 Artabastlus
706 1411 811 1494 palatii
834 1413 917 1474 fores
937 1410 1048 1472 Basilio
1073 1411 1197 1494 aperuit

109 1497 238 1580 vimque
258 1495 370 1577 papiae
392 1496 477 1557 fecit.

206 1617 246 1680 57
287 1617 458 1702 Ἀπελάτης
474 1615 490 1680 ὅ
506 1618 648 1704 Πέρσης]
670 1623 737 1703 ipse
758 1621 812 1704 qui
830 1619 989 1704 superiori
1009 1617 1198 1704 pagineEsl-

109 1693 217 1780 λόγιος
239 1702 338 1766 dietus
360 1714 415 1781 est,
437 1725 473 1766 ao
493 1703 587 1785 paulo
610 1705 750 1788 superius
773 1704 914 1767 absolute
934 1695 951 1764 ὅ
972 1701 1115 1785 Πέρσης.
1139 1725 1196 1765 nec

107 1784 201 1847 rideo
230 1797 266 1848 ut
296 1808 356 1850 vox
372 1777 550 1868 ’Ansloirqc
575 1809 648 1850 sana
668 1787 723 1864 sit,
745 1797 799 1850 aut
819 1785 896 1872 quid
918 1785 1047 1849 adrem
1069 1789 1193 1868 [Goari]

106 1865 289 1951 Ἀπελᾰκης.
339 1871 445 1933 melius
461 1861 635 1952 Ἀπλάκης,
656 1872 741 1934 ouius
772 1879 817 1934 est
836 1869 909 1934 alibi
928 1873 1055 1947 mentio,
1078 1893 1140 1932 nou
1162 1884 1196 1934 ut

106 1951 147 2012 sit
169 1953 233 2094 ipse
255 1953 305 2015 hio
323 1951 417 2017 Persa
439 1953 494 2038 qui
514 1953 694 2018 Michaelem
715 1953 839 2021 occidit.
882 1953 957 2038 quid
978 1953 1003 2016 si
1023 1949 1195 2028 ἀπελαθεὶς

108 2033 145 2096 tt
206 2035 358 2118 Hlooqcl
708 2095 712 2102 ,

190 2159 232 2222 58
272 2158 361 2224 κίονα
382 2157 666 2246 ὑπασυστημάτων]
687 2165 859 2226 σοῐααιαααι
882 2183 1057 2249 compagem
1078 2175 1196 2226 susten-

110 2257 235 2306 laniem.

191 2365 231 2429 59
273 2364 289 2430 ὅ
313 2367 349 2431 tt
368 2363 545 2446 θυμωθεὶς]
577 2390 699 2431 oausam
720 2371 863 2456 abrogati
894 2371 1009 2432 Photio
1032 2371 1195 2451 episcopa..

109 2459 158 2511 tus
179 2451 283 2513 mitius
313 2453 411 2516 refert
432 2453 666 2526 Constantinus;
694 2473 804 2537 nempe
831 2467 864 2515 ut
881 2467 912 2515 et
933 2455 1034 2516 verum
1054 2472 1194 2534 sponsum

90 2535 255 2618 'ecelesiae
285 2550 315 2596 et
336 2537 415 2620 filiis
432 2549 552 2622 patrem
578 2559 620 2598 ex
639 2559 788 2599 munnam
809 2541 928 2600 ratione
949 2535 1108 2614 redderet,
1129 2555 1196 2596 ces-

109 2637 178 2762 pare
198 2618 486 2762 {assotiuoubutore
506 2621 642 2698 Photio,
665 2622 766 2683 donec
788 2623 918 2683 alterum
941 2619 1083 2682 dominus
1106 2619 1144 2682 ad
1166 2639 1198 2680 se

127 2723 196 2762 rans
210 2723 280 2764 erre
296 2745 303 2762 .

195 2822 235 2887 60
279 2821 315 2886 τὸ
341 2825 488 2906 δευτέρον
507 2823 618 2910 αὐτοῦ]
641 2822 893 2890 sirmondus&
916 2820 1079 2906 δεύτερονε
1102 2823 1198 2906 Igna-

109 2912 183 2972 tium
204 2913 421 2988 patriarcham
443 2911 553 2972 iterum
577 2913 733 2974 constitnit.
775 2923 843 2973 tum
862 2921 1028 2994 sequatur:
1050 2905 1199 2991 ἐγεννήθη

110 2991 145 3054 δὲ
169 2991 253 3080 αὐτῷ
275 2991 375 3066 Ἀλὲξ.
404 2981 495 3066 οὗτος
524 3000 599 3068 παῖς
620 2993 760 3079 [αὐτοῦ]
778 2997 848 3072 ficit
874 2996 923 3054 laic
954 2995 1019 3056 eius
1062 2995 1137 3068 lius,
1158 3013 1198 3054 ae

109 3077 279 3158 legitimum
310 3075 421 3160 reliqui
442 3077 559 3140 scilicet
580 3078 798 3140 Constantinus
825 3085 856 3140 et
877 3079 942 3140 Leo
963 3075 1025 3138 Min
1048 3077 1111 3139 etilo
1133 3076 1199 3137 nali

112 3169 210 3239 erant,
233 3162 375 3244 Iugerina
397 3161 538 3224 Eudooia
559 3162 587 3222 ei
613 3162 732 3244 pellice.
807 3231 810 3238 ,

190 3257 228 3320 61
272 3257 318 3332 εἰς
344 3261 516 3348 Τιβρικοῖς]
537 3262 639 3324 scribe
670 3283 705 3324 ex
729 3255 938 3324 Constantino
955 3258 1000 3333 εἰς
1025 3251 1195 3341 Tempanio,

111 3343 164 3428 qui
188 3343 268 3404 hane
292 3345 375 3406 clare
396 3345 623 3426 expeditionem
646 3355 763 3411 narrat.
791 3356 931 3429 spectare
949 3343 1134 3428 Tephrioem
1157 3343 1197 3405 ad

112 3429 290 3490 Armeniam
313 3449 348 3490 er
371 3448 408 3488 eo
432 3428 567 3512 colliges.
667 3473 676 3482 -
986 3425 992 3436 '

191 3535 232 3599 62
274 3534 308 3598 ἒν
327 3535 364 3620 τῇ
383 3531 535 3621 Ἀφρικῇ]
559 3538 688 3600 emenda
709 3535 744 3599 ἐν
764 3538 804 3621 τῇ
827 3535 979 3618 Τεφρικῇ.

192 3659 233 3724 63
274 3653 443 3740 ἐβάπτισεν
463 3657 537 3736 τούς
552 3656 729 3742 Ἑβραίους]
744 3663 842 3724 minus
863 3683 929 3724 reni
941 3657 1060 3722 cessisse
1082 3655 1196 3720 adver-

113 3743 149 3806 tit
170 3745 398 3822 Constantinus,
421 3745 575 3829 plerisque
596 3769 633 3808 eo
657 3747 804 3808 defuncto
824 3745 864 3807 ad
887 3745 1037 3806 vomitum
1057 3741 1196 3804 reversis.

114 3825 217 3888 durius
238 3829 268 3888 in
291 3851 342 3892 eos
364 3829 425 3912 egil
447 3831 616 3906 Heraclius,
642 3830 694 3914 qui
715 3831 823 3911 poenis
843 3829 883 3892 ed
902 3828 1055 3912 baptisma
1076 3825 1197 3910 adegit;

113 3909 238 3972 Basilius
260 3913 463 3976 beneficentia
488 3916 581 3996 magis
602 3917 755 3976 invitavit.

177 4015 246 4117 ¹64,
275 4014 308 4080 ro*
328 4016 492 4120 proripias]
513 4038 638 4108 septum,
662 4024 800 4100 anthino,
821 4023 974 4106 porticus:
996 4041 1067 4083 nam
1088 4029 1119 4082 et
1140 4035 1197 4097 με·

113 4121 186 4184 som
207 4111 299 4168 etiam
323 4124 338 4164 o
360 4105 523 4189 περίβολος
545 4105 698 4174 redditur.
