2776 4612
233 226 307 305 οίιε
650 242 902 308 aususausus

318 397 359 460 Τί
378 392 486 474 ‹55510'
505 395 564 475 μὲν
580 393 688 457 λαϊκόν
707 389 855 476 σύστημα
884 390 941 474 τῆς
960 386 1080 465 πόλεως
1101 382 1183 455 olto
1205 391 1313 454 πονού-

230 519 325 580 μενον
356 488 395 579 ἦν
421 491 478 558 κατ’
506 493 587 576 ὑπὲρ
616 489 636 554 t
663 491 815 578 πεφύκει·
861 487 897 555 τό
928 491 964 553 δὲ
985 491 1041 572 τῆς
1058 493 1167 571 λοιπῆς
1188 492 1314 572 μεριλλος

231 601 374 679 ε’μιμεῖτο
409 593 464 658 τόν
497 589 690 676 στρατηγόν,
723 594 779 655 καί
813 592 869 656 τοῦ
906 583 1034 653 άκούειν
1065 587 1166 670 μόνον
1199 591 1314 672 ἐγίνετο

231 695 286 760 κατ’
321 693 422 774 ὁρῶς
461 684 574 756 ούκοον
613 693 681 756 οὐδ’
715 687 794 754 αύτό
831 687 966 773 άεργούς
1004 685 1072 770 εἶχε
1109 688 1167 764 τάς
1193 698 1314 774 χεῖρας,

231 796 301 859 αλλ’
321 788 388 858 οἷον
410 788 619 872 ἐκλαθόμενοι
640 789 683 866 ὥς
702 790 778 856 asisii
797 813 873 854 ποτε
893 789 1002 864 αύτοῖς
1022 785 1143 866 ἔξεστιν
1162 785 1332 874 άνδράσινᾱ
1359 819 1360 822 “

167 909 218 963 290
232 891 372 975 αἱμάτων
401 887 496 976 εἶναι,
530 889 786 973 μετεχράζοντο,
812 887 1050 972 ἐπικρύπτοντες
1080 891 1139 969 μὲν
1165 887 1201 952 τά
1227 885 1313 968 βαθύ

230 989 454 1072 ιῖποστολικάν,
487 989 724 1069 ἐπιπολάζοντες
751 993 787 1054 δὲ
817 987 850 1054 τύ
876 984 1115 1071 κοσμικιύτερον.
1156 991 1212 1052 καί
1235 980 1314 1070 η’σαν

228 1092 284 1158 καὶ
302 1095 336 1168 ἐξ
371 1091 474 1156 αύτῶν
502 1089 649 1174 ὀχλήσεις
670 1098 736 1166 τοῖς
757 1089 916 1168 πολεμίοις
944 1087 1002 1152 osis
1023 1091 1179 1172 ἀγεννεῖς·
1218 1083 1239 1149 ri'
1259 1111 1314 1150 πο-

227 1199 285 1258 θεν
312 1189 436 1275 γνόντες
464 1193 576 1256 ε’κτΐνοι
609 1193 711 1266 κακῶς
730 1191 774 1254 ’ἔκ
794 1191 830 1276 τῇ
858 1185 976 1253 sturm
1003 1187 1141 1264 καὶτοῖς
1159 1183 1314 1260 τοιούτοις
1359 1227 1360 1230 =

226 1289 428 1376 προσήγοντο.
1320 1297 1360 1374 1ο

211 1395 214 1402 ’
312 1389 470 1474 Τοιαύτην
491 1391 659 1454 συντονίαν
675 1387 781 1474 μάχης
799 1386 830 1454 ai
850 1391 905 1474 τῆς
925 1384 1045 1462 πόλεως
1059 1383 1222 1472 ἣρμοττον,
1244 1377 1311 1449 οὔθ’

226 1491 346 1576 ἡμέρας
373 1489 610 1570 διακοπτὸμενοι
641 1481 713 1552 ούτε
742 1489 852 1566 νυκτὸς
880 1489 1115 1560 α’ναπίπτοντες.
1156 1486 1311 1568 ἐμάχοντο
1359 1485 1360 1494 ’

226 1595 285 1672 μὲν
307 1587 368 1674 γάρ
397 1592 601 1671 πανημέριοι,
628 1584 797 1671 παννύχιοι
824 1591 860 1652 tt
881 1579 962 1670 ἦσαν
981 1589 1016 1651 ἐν
1036 1586 1229 1670 ἐγρηγόρσει,
1252 1610 1311 1670 φο.

225 1689 324 1764 λακάς
347 1686 484 1771 ἔχοντες.
527 1683 544 1750 ii
565 1689 620 1751 καί
639 1683 760 1768 ἔβλαψε
780 1687 837 1771 τήν
859 1687 1021 1768 πάλινούχ
1043 1681 1177 1772 ἥκιστα·
1201 1681 1232 1748 οἱ
1251 1683 1309 1768 γάρ

227 1791 323 1852 aristi
341 1787 564 1864 άνεξάλλακτοι
585 1787 640 1853 τὸν
656 1783 726 1852 ὅλον
751 1787 862 1871 καιρὸν
882 1789 937 1870 τῆς
956 1786 1137 1868 πολιορκίας
1157 1781 1344 1864 nasarius-15

223 1909 272 1951 νοι
293 1889 381 1961 τέλος
395 1887 566 1970 α’πὲκομον,
588 1890 771 1971 παρειμένοι
784 1888 838 1950 κατ’
858 1885 898 1950 τά
922 1889 1020 1968 νεῦρα
1040 1884 1096 1950 καί
1114 1881 1172 1960 τοὶς
1191 1880 1310 1964 ψυχάς.

222 1985 279 2049 καὶ
297 1981 352 2066 τὴν
372 1987 555 2050 τελεοτοιάν
575 1982 651 2070 ὅλην
670 1984 780 2068 νύκτα,
800 1989 872 2067 μεθ’
892 1983 931 2068 ἣν
952 1981 1026 2067 ἡμῖν
1047 1983 1064 2046 ὁ
1086 1978 1172 2066 ἥλιος
1194 1987 1309 2047 toarn-

223 2087 288 2168 χάς
309 2081 470 2166 ἔλαμψεν,
491 2088 548 2148 ούκ
570 2080 636 2168 εἶχε
662 2085 695 2150 τά
718 2079 795 2173 ipius
811 2094 916 2170 τεῖχος
936 2083 1011 2159 τούς
1038 2080 1214 2170 φυλάσσειν
1236 2085 1308 2147 ἐθὲ.

222 2191 344 2260 λοντας.
363 2187 417 2249 καί
437 2184 475 2246 ού
495 2181 592 2266 μόνον
614 2181 667 2248 διά
690 2182 749 2268 τὴν
768 2187 803 2250 ἐκ
821 2185 963 2266 καμάτου
986 2183 1127 2268 πάρεσιν,
1149 2185 1231 2246 άλλά
1256 2187 1310 2246 καί
1359 2223 1360 2276 ]

221 2284 303 2348 ύιότι
326 2285 485 2369 πρόληψις
517 2279 578 2369 ἤδη
606 2279 724 2350 ἅπασιν
758 2285 909 2368 ἐνεγένετο
936 2287 969 2360 ἐς
1000 2277 1113 2368 αὔριον
1140 2283 1199 2366 την
1217 2284 1342 2358 πύλινρο

221 2381 413 2450 ἁλώσεσθαι.
464 2387 519 2451 καί
543 2385 585 2461 ὥς
607 2377 658 2449 οἷα
688 2388 743 2449 καί
772 2385 818 2460 εἰς
839 2381 944 2469 κοινην
965 2374 1044 2468 ἦλθε
1064 2384 1156 2448 τούτο
1177 2381 1306 2461 ἔννοιαν,

221 2482 286 2565 ὀψέ
303 2508 378 2552 ποτε
407 2482 552 2550 ἁπάντων
581 2481 799 2567 ἔπεγνοοκύτων
827 2481 885 2549 τάν
921 2481 1032 2568 εἱρμὸν
1056 2487 1113 2566 τῆς
1145 2481 1223 2548 κατά
1254 2482 1307 2548 τὸν

219 2585 394 2669 στρατηγὸν
426 2583 564 2668 α’τρόποο
586 2587 762 2664 Κλωθοῦς,
791 2588 847 2648 καί
878 2583 985 2650 αύτιύν
1007 2587 1042 2650 δὲ
1068 2587 1131 2649 τοῖν
1151 2585 1307 2666 πολεμίων

219 2681 276 2768 την
296 2688 531 2770 προηγουμένην
542 2679 663 2768 ἡμέραν
683 2682 890 2767 άναβοούντων
910 2685 1106 2770 Στεντόρειον
1124 2685 1158 2750 ἐν
1179 2687 1223 2772 τρῖ
1244 2710 1307 2766 μα·

294 2891 367 2964 Qoisl
391 2893 494 2960 igitur?
530 2912 629 2948 numne
646 2911 707 2966 pars
725 2896 841 2948 civitatis
860 2895 928 2948 laica
948 2897 987 2948 ita
1006 2895 1150 2948 laborabat
1172 2903 1201 2948 et
1217 2895 1307 2964 magis,

224 2979 302 3035 quam
314 2981 362 3034 pro
372 2967 468 3016 sirium
483 2965 580 3028 morlo,
601 2967 699 3037 reliqui
715 2965 808 3018 discam
822 2967 996 3019 imitabantur
1009 2985 1060 3018 nec
1078 2969 1130 3018 nisi
1149 2967 1307 3036 spectabant

225 3033 444 3103 audiebantque?
481 3037 520 3086 illi
545 3054 607 3088 vero
628 3055 678 3088 nec
697 3039 748 3108 ipsi
774 3040 930 3108 compressis
949 3039 1071 3090 manibus
1100 3037 1241 3098 sedebant,
1261 3037 1307 3088 sed

226 3106 301 3176 qnasi
321 3103 415 3169 obliti,
434 3105 506 3156 lmutl
534 3109 615 3160 licere
637 3108 685 3159 sibi
708 3110 825 3160 cruentis
844 3127 924 3170 esse,
943 3111 1057 3179 speciem
1077 3110 1229 3170 mutabant,
1247 3109 1307 3160 abs·

226 3177 336 3228 conrlito
369 3177 462 3228 habitu
489 3179 636 3245 apostolico
664 3181 784 3248 prolixo,
809 3189 837 3232 et
860 3189 933 3232 veste
954 3181 1021 3230 laica
1038 3197 1118 3248 super
1137 3180 1242 3230 induta.
1278 3195 1309 3229 ac

227 3247 401 3318 patiebantur
421 3264 453 3298 ενι
474 3249 505 3298 iis
523 3249 613 3300 turbas
630 3249 702 3300 houd
722 3251 792 3302 leves
804 3250 912 3302 hostes:
927 3253 985 3321 qni,
1002 3269 1028 3302 re
1048 3249 1173 3302 alicunde
1191 3251 1308 3317 cognita,

227 3328 290 3389 post
308 3317 398 3369 orbem
418 3327 596 3386 expugnatam
615 3321 685 3370 male
705 3321 766 3372 illos
790 3339 900 3392 quoque
919 3329 1073 3374 tractarunt.

313 3391 352 3440 lta
371 3391 476 3458 proelia
493 3392 623 3441 continua
651 3391 743 3442 civitas
762 3393 884 3454 serebat,
902 3409 952 3442 nec
970 3392 1088 3444 interdiu
1107 3399 1240 3442 cessantes
1260 3409 1311 3441 nec

226 3467 306 3512 noctu
328 3463 536 3530 requiescentes.
559 3461 717 3529 pugnabant
735 3464 806 3513 enim
825 3472 882 3514 toto
903 3463 963 3524 uie,
989 3472 1046 3514 tota
1065 3471 1144 3513 nocte
1164 3464 1192 3513 in
1212 3464 1311 3513 statio·
1359 3511 1360 3522 ,

225 3531 306 3582 nibus
334 3531 491 3599 vigilabant.
532 3549 601 3601 quas
630 3549 670 3580 res
697 3532 756 3582 urbi
787 3533 1011 3600 perniciosissima
1037 3536 1096 3585 luit.
1142 3535 1244 3584 etenim
1263 3551 1312 3603 per

226 3619 304 3652 omne
326 3611 430 3671 ternpus
457 3601 609 3653 obsidionis
635 3602 716 3653 iidem
745 3620 848 3670 semper
868 3605 925 3654 siue
948 3605 1052 3656 vicariis
1072 3603 1238 3666 laborantes,
1259 3623 1313 3674 po-

225 3682 323 3724 stremo
341 3673 487 3740 {defatigati
508 3683 579 3734 sunt,
598 3682 626 3724 et
644 3691 706 3723 arcu
730 3682 757 3725 et
781 3673 866 3724 auium
894 3675 1019 3726 remissis.
1070 3676 1162 3744 itaque
1185 3683 1244 3726 tota
1264 3677 1311 3726 illa

224 3754 305 3794 nocte
335 3757 471 3805 extrema,
492 3755 552 3813 post
579 3761 658 3814 quam
687 3744 728 3794 sol
757 3743 834 3795 nobis
862 3745 995 3796 infaustos
1022 3747 1105 3808 lusit,
1133 3763 1189 3796 non
1215 3745 1312 3796 habuit

224 3831 314 3865 saurus
333 3815 473 3867 orientalis
502 3813 671 3875 defensores,
688 3817 818 3884 quoniam
844 3832 899 3867 non
917 3817 1003 3867 solrun
1031 3833 1064 3866 ex
1083 3819 1219 3868 aersrmnis
1242 3818 1331 3866 aires'

225 3884 389 3946 defecerant,
420 3885 467 3936 sed
491 3887 569 3936 etiam
590 3886 679 3936 cuncti
698 3887 749 3936 iam
779 3897 989 3954 praesenserant,
1008 3895 1115 3956 postera
1136 3888 1197 3939 luce
1216 3888 1311 3938 urbem

225 3963 333 4020 captum
362 3956 402 4006 iri.
446 3973 477 4006 ac
507 3956 617 4007 subibat
639 3973 670 4007 εο
700 3958 826 4022 cogitatio
850 3959 926 4026 quasi
950 3960 1069 4008 omniurn
1096 3959 1176 4010 simul
1197 3961 1310 4016 animos,

227 4037 309 4090 qsssrm
331 4041 390 4075 sero
416 4026 523 4077 tandem
542 4029 728 4094 cognovissent
753 4037 851 4078 textam
870 4028 902 4080 ab
924 4029 1082 4080 immutabili
1102 4029 1310 4082 clostra-setam

228 4093 322 4156 discis,
342 4102 369 4145 et
392 4096 441 4162 ipsi
461 4097 528 4147 adeo
556 4098 645 4149 hostes
665 4097 709 4148 die
736 4101 818 4168 priori
840 4099 980 4152 Stentorca
1005 4117 1069 4151 voce
1090 4103 1312 4161 conclamassent,
