2756 4620
214 305 286 386 τοο
510 289 682 402 [neonis
711 288 1002 402 eniuulncr]

209 477 318 544 λοντος
346 469 477 554 ἐξῆλθον
510 465 623 546 πίνεις
651 464 681 531 oi
703 469 828 548 δέσμιοι
862 467 917 530 καί
941 462 1069 553 ἔφυγον.
1112 462 1187 530 ὅδὲ
1207 467 1310 543 ουἰὀς

210 571 327 644 Φακᾶς
358 564 558 652 ἆρμιίμεντον
588 567 622 633 ri
651 561 688 632 is
708 569 839 651 πλησίον
858 567 920 631 τοῖν
946 568 1109 631 παλατίονν
1127 566 1183 650 τῆς
1203 572 1309 650 Moy-

208 667 343 751 ναίρας,
377 667 497 750 στήσας
525 669 560 733 ἕν
580 673 667 755 με’σιρ
687 667 787 732 αὐτοῦ
812 665 868 730 καί
897 669 984 732 κίονα
1008 663 1149 749 κτισιόν,
1172 667 1228 731 καί
1245 665 1308 751 τὴν

208 766 326 851 στήλην
349 767 451 831 αὐτοῦ
482 763 655 832 indomite.

287 868 324 931 ‘0
343 869 377 930 δὲ
393 864 536 950 γαμβρὸς
557 868 656 930 αυίοὕ
669 867 812 946 Κρίσπος
833 861 1045 948 ὅπατρίκιος,
1063 861 1107 949 μὴ
1133 864 1337 952 ὖποφέροονδ

208 962 371 1052 ὅροῖντους
391 987 424 1030 τε
448 961 577 1040 αἰλίκους
598 963 716 1052 φόνους
735 963 790 1048 καί
806 963 843 1028 τὰ
862 961 948 1028 δεινὰ
973 961 1011 1028 rei
1031 962 1092 1028 riui
1108 967 1207 1030 Φωκιῖ
1220 961 1310 1047 γινό-

206 1091 298 1150 μενα,
316 1063 436 1148 ἔγραψε
458 1061 537 1148 πρὸς
553 1061 738 1148 Ἡράκλειον
755 1061 908 1148 στατηνὸν
923 1055 998 1128 ὄντα
1010 1065 1044 1130 ἐν
1065 1065 1205 1152 Ἀφρικῇ
1225 1065 1308 1145 μετὰ

206 1169 265 1231 τοῦ
277 1161 403 1246 στόλου,
425 1159 510 1239 ὅπως
522 1159 769 1230 ἀνέλθωσικατιὶ
790 1163 846 1227 τοῦ
861 1159 1015 1245 τυράννου
1030 1165 1140 1227 Φακιῖ.
1160 1159 1177 1226 ὅ
1194 1165 1230 1229 δὲ
1243 1167 1309 1228 ου’.

205 1261 258 1340 rig
273 1261 458 1347 Ἡράκλειος
479 1265 513 1342 ἐξ
528 1259 684 1349 Ἀφρικῆς
700 1267 796 1327 πλοῖα
806 1259 905 1326 πολλοὶ
922 1264 1087 1342 ἐξοπλίσαι
1099 1261 1153 1327 καί
1168 1261 1310 1348 στρατὸν

205 1361 263 1448 τὴν
279 1359 611 1430 Κωνσταντινούπολιν
624 1365 805 1444 κατέλαβεν,
821 1362 1047 1448 ἐπιφερόμενος
1067 1363 1122 1427 καί
1139 1363 1196 1448 τήν
1215 1367 1307 1447 α’χει-
1319 1373 1355 1426 10

206 1467 372 1548 ροιιοίρεον
391 1461 497 1528 εἰκόνα
516 1467 576 1528 τοῦ
590 1464 703 1547 κυρίου
717 1463 772 1526 καί
783 1464 862 1525 θεοῦ
882 1461 984 1546 ἡμῶν.
1004 1461 1061 1526 καί
1078 1466 1218 1545 πολέμου
1230 1485 1309 1546 κρο-

205 1565 353 1648 τηθὲντος
373 1565 495 1644 μιταξῦ
509 1567 610 1628 Φακᾶ
629 1561 686 1628 καί
700 1557 889 1646 Ἡρακλείου
909 1563 955 1636 είς
970 1559 1024 1626 riv
1039 1565 1162 1648 Σοφίας
1182 1566 1309 1646 λιμένα,

209 1659 355 1747 ἡττηθείς
384 1660 401 1725 ὅ
432 1661 590 1746 ἀλιτήριος
617 1659 733 1747 ἔφυγεν
752 1663 797 1737 είς
826 1659 864 1724 τα
888 1662 1044 1741 βασίλεια.
1087 1662 1250 1738 (θατεινὸς
1269 1665 1309 1728 rle'

207 1786 255 1836 τις
284 1760 347 1825 sini
384 1763 485 1826 Φακᾶ
515 1761 562 1836 είς
583 1758 640 1843 τὴν
672 1761 810 1844 σύζυγον
844 1762 1022 1846 ἀδικηθείς,
1045 1760 1198 1826 εἰσελθών
1222 1758 1305 1845 perci

207 1860 412 1944 στρατιωτῶν
441 1861 487 1934 είς
515 1857 553 1924 τοὶ
577 1863 747 1941 βασιλεια,
773 1859 895 1941 α’νίμας
922 1862 957 1922 ἑκ
978 1864 1035 1924 κου’
1055 1859 1176 1946 θρόνου
1193 1864 1307 1927 τοῦτον
1319 1873 1353 1924 15

207 1958 399 2044 ἀναστήσας,
420 1959 473 2022 καί
485 1961 540 2042 τῆς
550 1963 716 2042 βασιλικῆς
729 1961 863 2042 ε’σθῆιος
877 1959 1106 2043 ἀπογυμνώσας
1119 1961 1175 2026 τόν
1190 1954 1308 2026 ἄθλιον

208 2061 327 2126 Φιοκιῖν
347 2058 402 2122 καί
420 2062 542 2138 μέλανα
571 2061 691 2141 χιτῶνα
712 2054 847 2134 ἑνδίσας
874 2059 930 2122 καί
949 2057 1039 2124 κλοιὰ
1060 2065 1213 2146 περιθείς,
1235 2055 1308 2126 ἅτι-

205 2181 267 2241 μον
286 2155 364 2242 πρὸς
379 2156 562 2240 Ἡράκλειον
587 2158 764 2243 α’τιὴγαγεν,
785 2154 823 2222 ὃν
844 2158 1044 2240 θεασάμενος
1063 2155 1150 2224 εἶπεν
1172 2158 1307 2248 “οὖέως,

208 2251 311 2337 ἄθλιε,
328 2255 384 2340 τήν
402 2257 562 2322 πολιτείαν
588 2254 745 2346 διῴκησας
755 2260 785 2340 ,·”
814 2257 831 2320 ὅ
853 2259 889 2323 δὲ
912 2259 1150 2343 α’τιεγνοοσμένος
1171 2256 1217 2325 air
1238 2258 1306 2347 ἔφη

208 2353 268 2422 “ori
292 2357 418 2422 κάλλιον
431 2357 487 2422 καί
506 2365 644 2441 κρεῖττον
657 2354 742 2440 ἔχεις
755 2359 940 2441 innexione?
960 2357 1015 2422 καί
1025 2361 1187 2427 ἐκέλευσεν
1202 2361 1306 2447 Ἥροί-
1315 2375 1353 2428 20

208 2463 309 2531 κλειος
330 2459 524 2538 πρῶτονμὲν
544 2457 603 2532 τιὶς
622 2465 735 2540 χεῖρας
756 2459 811 2523 καί
830 2455 906 2535 τούς
928 2457 1030 2535 τιόθας
1049 2460 1149 2526 orituri
1168 2463 1306 2546 ε’κκοιιῆ.

209 2579 271 2641 ναι,
294 2551 356 2622 εἶθ’
371 2551 469 2632 οὕτως
489 2555 545 2622 καί
562 2557 634 2633 τούς
657 2549 761 2637 οἴμους
793 2559 895 2622 arisai
917 2559 1228 2645 α’κριοτηριοσθῆναι,
1249 2566 1309 2627 καί

209 2651 245 2721 τὰ
269 2659 374 2722 αι’δοῖα
409 2659 605 2742 ἐκτμηθῆναι
635 2655 691 2720 καί
711 2661 806 2744 κοντῷ
827 2659 1044 2743 α’ναρτηθῆναι
1069 2657 1121 2723 sliri
1145 2657 1203 2735 τὰς
1224 2655 1306 2743 ipt-

212 2929 254 2975 tos
275 2921 408 2974 mutilavit
432 2923 631 2996 multorumque
650 2927 738 2996 capita
762 2925 901 2996 praecidit.
944 2925 1025 2996 plebe
1044 2933 1134 2978 autem
1151 2927 1239 2994 ignem
1260 2925 1306 2980 in-

214 2993 324 3044 liciente
354 2993 382 3044 in
399 2997 581 3063 praetorium,
607 3011 700 3049 omues
726 2997 808 3049 vincti
836 2999 969 3066 ingerunt.
1007 2995 1079 3049 idem
1098 2997 1198 3050 Phocas
1216 3015 1307 3050 arma·

212 3063 376 3116 montorium
403 3083 488 3136 prope
506 3067 668 3136 Magnaurae
696 3069 826 3138 palatium
844 3067 1028 3140 (aedificavit),
1045 3069 1076 3121 in
1090 3068 1180 3121 medio
1200 3085 1234 3122 eo
1254 3085 1306 3120 co-

213 3135 330 3186 lumnam
350 3137 464 3204 erigens,
482 3139 525 3190 cut
545 3147 660 3190 statuam
682 3141 820 3209 imposuit.

284 3207 390 3275 Crispus
408 3216 496 3258 autem
516 3209 642 3278 patricius
662 3211 720 3262 elus
739 3227 835 3278 gener,
856 3226 911 3262 non
932 3207 1019 3262 serens
1037 3215 1172 3279 aspectum
1190 3209 1307 3260 combu-

215 3283 314 3328 starum
332 3276 453 3330 caedium
473 3287 500 3330 et
518 3281 648 3331 scelerum
667 3299 682 3332 a
700 3281 786 3333 Phoco
806 3281 953 3341 laetorum,
978 3280 1083 3331 litteras
1101 3277 1230 3331 dedituri
1249 3281 1308 3331 He-

216 3347 336 3409 raclium,
354 3349 399 3418 qni
420 3349 448 3400 in
470 3349 556 3401 Africa
575 3351 653 3402 classi
674 3359 798 3420 praeerat
819 3359 850 3404 ut
868 3358 1007 3420 surgerent
1023 3359 1115 3402 contra
1127 3351 1242 3402 Pisaeam
1259 3359 1308 3418 ty-

215 3433 338 3468 rannum.
374 3420 432 3489 ipse
451 3429 540 3472 autem
568 3421 723 3486 Heraclius,
744 3423 835 3474 multis
859 3423 973 3472 navibus
998 3435 1031 3471 ex
1049 3419 1137 3472 Africa
1157 3423 1259 3489 paratis
1278 3430 1307 3474 et

215 3489 344 3547 exercitu,
362 3491 434 3560 cepit
452 3489 566 3560 cpolin,
590 3497 704 3545 afferens
724 3495 804 3544 etiam
829 3492 970 3559 imaginem
989 3491 1091 3543 domini
1110 3499 1137 3542 et
1155 3492 1200 3543 slei
1218 3494 1307 3544 nostri

214 3575 293 3610 manu
315 3577 370 3612 uon
389 3561 494 3614 laetam.
531 3579 562 3614 ac
578 3567 724 3616 certamine
737 3565 808 3616 inter
822 3563 934 3615 Phocam
948 3571 976 3614 et
993 3561 1146 3614 Heraclium
1162 3563 1307 3616 commisso

214 3630 243 3680 in
261 3629 377 3699 Sophiae
396 3641 520 3700 portum,
539 3635 625 3688 victus
652 3635 780 3688 scelestus
802 3635 851 3688 ille
878 3634 947 3702 sugit
976 3633 1007 3684 in
1025 3633 1134 3701 regiam.
1171 3633 1307 3686 Photinus

214 3701 341 3769 quidun,
360 3703 435 3754 cuius
463 3721 573 3756 uxorem
597 3705 698 3758 Phocas
715 3714 896 3775 stupraverat,
925 3704 954 3756 in
971 3703 1070 3771 regiam
1090 3705 1224 3772 ingrersus
1243 3721 1307 3758 curn

215 3771 345 3824 militibus
365 3774 542 3840 ignominiose
563 3774 597 3828 de
615 3777 683 3830 solio
707 3776 845 3828 infelicem
866 3775 979 3828 Plrocam
1002 3774 1118 3838 deiecit,
1134 3785 1208 3828 veste
1231 3777 1309 3846 regia

216 3857 276 3890 eum
294 3844 430 3910 spoliavit,
448 3851 550 3896 vestem
569 3855 655 3898 atram
676 3847 703 3898 ei
722 3847 825 3910 iniecit,
853 3847 964 3898 collaria
983 3843 1090 3898 addidit
1108 3853 1137 3898 et
1156 3847 1206 3898 teli
1223 3847 1307 3916 igno-

216 3911 299 3962 minia
316 3917 440 3966 allectum
460 3915 495 3966 ad
514 3915 665 3968 Heraclium
687 3917 779 3978 duxit,
798 3917 844 3987 qui
865 3933 946 3987 quum
964 3933 1024 3968 eum
1043 3917 1165 3972 videres:
1184 3919 1307 3980 “itane‚''

216 3981 316 4049 iuquit,
333 3986 441 4050 “misen
459 3987 596 4040 civitatem
616 3987 871 4040 administravisti?”
900 3988 947 4038 ille
970 3987 1190 4056 veroperrlitus:
1207 3996 1307 4042 “tuum

216 4052 283 4113 est,''
304 4053 410 4123 iuquit,
428 4059 544 4110 “melius
570 4057 778 4112 administrare-'¹
814 4059 891 4112 iussit
913 4058 1056 4110 lleraclius
1074 4059 1189 4128 primum
1209 4075 1307 4112 rnnnus

217 4121 276 4174 eiua
295 4131 323 4173 et
340 4123 422 4193 peiles
443 4127 570 4196 praecidi,
590 4128 690 4182 deiude
718 4128 811 4180 eadem
830 4130 935 4182 ratione
955 4127 1079 4180 humeros
1096 4129 1228 4190 mutilari,
1248 4141 1307 4184 tum

217 4191 345 4264 pudenda
363 4199 495 4267 amputari
522 4205 549 4252 st
573 4197 607 4252 de
634 4209 716 4254 conto
733 4197 862 4270 suspendi
886 4207 997 4272 propter
1018 4199 1172 4254 inmodicas
1188 4201 1308 4256 iniurias
