2776 4612
239 273 312 348 386
652 276 904 342 uustlffllus

237 435 295 496 τοῦ
314 424 506 512 καθήκοντος
528 427 710 507 άσπασμοῦ,
733 426 789 492 καί
807 422 1016 508 ὑπερτίθεται
1036 425 1082 500 εἰς
1100 417 1212 512 ἑτέραν
1230 417 1332 507 άραν,

234 531 492 614 μαθητευθεΐσαν
519 529 562 614 τῷ
593 529 730 606 βασιλεῖ.
781 529 836 590 καιΙ
863 516 902 608 ἦν
925 525 1025 608 ἐκείνη
1054 519 1251 608 παρασκευή,
1275 523 1334 588 κατ’

235 627 346 694 άλλοάι
376 629 503 708 μάντις
524 623 650 712 φαάλη,
672 629 729 690 καί
758 619 934 709 ἑβδομάδος
957 627 993 690 di
1009 628 1064 708 τῆς
1083 623 1162 706 μετά
1181 619 1241 706 την
1263 649 1331 688 πα-

234 725 367 809 σχάλιον
394 726 563 809 κυριακήν·
618 729 691 790 καθ’
710 720 750 808 ἢν
770 725 971 806 συλλεγέντας
996 727 1053 788 τοῦ
1074 722 1225 806 πλήθους,
1248 717 1329 788 ὅσον

234 825 347 890 εἴωθεν
374 828 409 890 ἐν
441 834 507 899 τοῖς
527 825 678 898 τοιούτοις
700 827 839 908 πληροῦν
867 819 906 888 τά
927 824 1084 904 βασιλεια,
1104 828 1244 888 τελεῖται
1267 825 1353 903 teies

232 929 287 990 ani
306 923 340 990 τά
364 921 583 1008 α’σπάσασθαι,
602 919 636 986 τά
661 919 849 1000 ἐπιπολάζον
876 925 931 1010 τῆς
949 925 1105 1005 μηχανῆς,
1127 929 1328 986 συντελεῖται

233 1029 270 1090 δὲ
289 1022 344 1088 καί
362 1023 396 1090 τά
419 1023 565 1108 κρύφιον,
595 1021 614 1106 ἡ
635 1024 668 1098 ἐξ
685 1020 804 1106 ἐρήμης
823 1021 879 1086 τοῦ
896 1019 1095 1106 πατριάρχου
1124 1027 1325 1104 καθαίρεσις,

233 1123 276 1200 ὥς
295 1124 352 1186 osia
376 1118 415 1186 άν
435 1119 586 1207 εὐφάμους
604 1123 702 1188 εἰπεῖν
720 1119 789 1202 ἔχοι
809 1145 868 1196 τις.
896 1122 959 1184 ταῖν
978 1123 1037 1202 μὲν
1055 1119 1116 1207 γάρ
1138 1116 1328 1206 άρχιερὲοον,

232 1225 265 1290 εἰ
280 1223 344 1306 χρηΙ
366 1219 477 1307 φάναι,
498 1216 715 1304 κερδαλεάτης,
739 1221 851 1285 τῶνδὲ
872 1217 1021 1302 εὐλάβεια
1037 1221 1117 1286 κατά
1138 1217 1327 1306 anadipl-

231 1329 297 1408 βαν,
321 1327 382 1389 τάν
402 1325 437 1386 di
456 1325 511 1386 soi
530 1330 622 1401 μῖσος
644 1322 701 1384 odas
730 1317 910 1404 εὐλόγιστον
933 1319 1013 1386 κατά
1036 1323 1095 1384 τοῦ
1116 1314 1326 1404 άρχιερατεά-
1338 1339 1366 1392 10

232 1447 318 1499 οντος
339 1417 423 1488 οὕτω
445 1422 562 1508 ῥᾳδίως
580 1413 699 1506 ἤνυσαν
717 1417 774 1504 την
792 1422 913 1486 ἐκείνου
931 1419 1125 1503 scandaliis,
1145 1423 1327 1500 ἐπιτιθεμέ-

233 1549 296 1588 νοιν
325 1523 380 1588 καί
407 1523 655 1604 reservaverit
684 1517 858 1603 συγκλήτου
880 1523 1013 1604 βουλῆς,
1034 1517 1329 1604 κατακτυαοάντων,

232 1625 276 1698 αἱς
300 1623 357 1687 osis
380 1613 420 1688 άν
441 1622 517 1684 midi
544 1615 766 1706 ’Ῑεριχοάντεια
797 1617 885 1703 τείχη
914 1616 1132 1703 κατηχαάμονα
1157 1619 1327 1703 σάλπιγξιν

233 1726 365 1796 ἐκείναις
386 1717 524 1784 ἔπιπτον.

315 1822 387 1885 Καὶ
412 1817 447 1886 ssi
477 1819 624 1901 ἐκεῖθεν,
643 1823 883 1902 βραχυλυγικσλς
906 1812 964 1880 καί
990 1813 1069 1880 oriri
1089 1813 1256 1902 ἱστορῆσαι
1279 1817 1364 1900 (rili

229 1918 291 2004 γάρ
317 1919 551 2003 α’ναμετρητέον
581 1917 620 1982 τά
653 1919 734 2002 πάρα
763 1919 936 2000 μέτροις),
969 1912 1107 1998 τάραχος
1132 1921 1232 1998 μέγας
1261 1920 1327 1982 ταῖν

229 2022 289 2086 τοῦ
309 2020 479 2098 παλατιόυ,
502 2009 576 2082 ὅσον
605 2009 645 2099 ἦν
674 2014 754 2100 πρὸς
781 2019 839 2081 τοῦ
866 2019 947 2080 θεοῦ
975 2015 1031 2078 κατ’
1059 2017 1114 2098 τῆς
1135 2021 1204 2080 κατ’
1223 2013 1326 2080 αὐτόν

230 2121 398 2204 ἀληθείας,
422 2119 483 2182 τάν
513 2119 571 2180 τοῦ
600 2117 679 2180 λαοῦ
708 2119 762 2198 τῆς
780 2115 915 2199 πόλεως,
936 2117 997 2179 τάν
1018 2115 1114 2197 ου’τῆς
1135 2111 1175 2198 δὴ
1198 2118 1257 2200 τῆς
1276 2118 1326 2180 ἐκ.

231 2217 370 2303 κλησάος.
391 2219 446 2282 καί
465 2213 584 2299 ἐκείνης
601 2211 665 2299 γάρ
686 2213 785 2298 άλίγυι
804 2217 1050 2300 κατεσκίρτησαν
1075 2213 1131 2279 ant
1150 2223 1218 2290 τοῖς
1237 2239 1325 2298 πρα-

232 2322 381 2402 χθεῖσιν·
437 2313 466 2382 oi
496 2317 532 2382 di
553 2338 588 2398 γε
619 2313 743 2388 πλείους
772 2313 957 2398 προωράντο
979 2312 1034 2377 τάν
1061 2310 1171 2396 κάριον
1188 2314 1360 2382 &maroeli

233 2419 338 2484 ου’τάν
358 2411 413 2481 διά
437 2411 563 2494 παντός,
583 2417 639 2480 καί
649 2411 731 2478 κατά
753 2417 817 2478 ταῖν
831 2415 1058 2496 πεπραγμένων
1078 2415 1230 2495 ἐγίνοντο.
1251 2415 1325 2480 osia.

234 2520 291 2584 οὖν
309 2521 376 2590 ,καί
399 2515 588 2598 μερίζονται.
630 2512 686 2578 καί
704 2510 734 2578 ai
755 2517 814 2594 μὲν
834 2516 878 2599 τῷ
896 2515 999 2600 μικρῷ
1017 2517 1146 2592 βασιλεῖ
1163 2512 1325 2594 τ’τιομιζσν-

234 2639 279 2700 το,
301 2617 354 2681 κατ’
372 2619 519 2694 καθάπαξ
540 2612 810 2697 άπαγορεάσαντος
831 2614 955 2700 ἐκείνη,
975 2612 1030 2676 καί
1050 2613 1093 2688 oia
1114 2616 1170 2678 osia
1190 2607 1325 2700 ὤφελον,

237 2866 401 2936 gnidcatnm.
428 2881 459 2916 ao
478 2864 531 2917 luit
547 2863 705 2916 solemnitas
724 2863 772 2914 illa
792 2870 849 2914 tum
870 2863 971 2934 reliqua
991 2879 1082 2933 parum
1097 2863 1177 2927 laeta,
1194 2871 1255 2915 tnm
1276 2863 1324 2915 be·

237 2935 371 2988 bdomads
390 2951 430 2998 ea,
449 2952 520 3004 quae
537 2935 699 2988 dominicam
724 2935 875 3004 paschalem
905 2935 1039 3003 seqsritur:
1070 2951 1124 3004 qua
1145 2933 1325 2998 hebdomade,

238 3013 396 3076 congregata
417 3005 606 3068 multitudine,
634 3021 705 3075 quae
726 3005 754 3056 in
774 3005 907 3058 eiusmodi
927 3005 1005 3056 tebras
1023 3005 1123 3074 palatia
1145 3007 1261 3076 implere
1282 3023 1326 3056 εο-
1375 3031 1376 3036 =

239 3080 287 3141 lot,
304 3085 362 3130 tum
382 3077 514 3129 osculatio
531 3078 571 3140 su,
590 3076 619 3128 icl
637 3075 711 3145 quod
729 3077 806 3145 quasi
826 3076 1019 3146 supernatabat
1037 3077 1167 3139 consilio,
1185 3085 1243 3128 tum
1262 3095 1326 3128 con·

239 3156 396 3210 summetur,
414 3141 443 3198 id
460 3147 534 3218 quod
552 3147 697 3209 celabatur,
719 3145 907 3198 indictaoausa
920 3145 1087 3216 patriarchae
1098 3147 1225 3210 deiectio,
1245 3163 1326 3232 quam

239 3235 321 3272 nemo
341 3219 435 3271 lausus
452 3219 538 3288 posslt
562 3217 649 3270 verbis
668 3233 881 3270 commemorare.
901 3217 1068 3270 sacerdotum
1088 3219 1169 3279 enlm,
1189 3219 1327 3288 siquidem

241 3291 295 3344 dici
314 3297 430 3358 oportet,
450 3287 524 3359 quod
542 3303 634 3338 rerum
652 3297 701 3350 est,
724 3290 820 3358 partim
841 3290 956 3352 astutia,
966 3289 1074 3412 partim
1091 3305 1125 3340 ex
1142 3291 1228 3342 nimio
1253 3297 1327 3341 metu

241 3359 396 3432 prudentia,
409 3359 506 3428 partim
521 3357 601 3409 etiam
620 3358 722 3410 invidia
740 3359 811 3410 baud
829 3359 950 3422 honesta,
978 3359 1091 3422 sciebat,
1105 3367 1136 3411 ut
1154 3361 1233 3412 facile
1253 3361 1328 3412 illius

243 3433 422 3486 deiectionem
454 3429 632 3502 perficerent,
648 3429 852 3498 suffragantibus
876 3431 954 3482 eliam
979 3429 1139 3500 quibusdam
1161 3439 1328 3492 senatorum,

242 3522 273 3556 ac
290 3501 515 3556 tumultuantibus
543 3500 736 3564 vehementius,
763 3517 844 3571 quam
868 3517 921 3570 quo
947 3501 1071 3554 tubarum
1090 3503 1180 3555 sonitu
1200 3517 1329 3572 percussa

244 3573 362 3628 lericlsus
382 3572 487 3624 moenia
507 3569 690 3624 conciderunt.

309 3647 406 3698 Secuta
424 3651 473 3704 est,
492 3651 523 3694 ut
538 3643 629 3712 paucis
647 3641 700 3693 hoo
718 3657 826 3710 quoquo
840 3639 928 3692 verbis
940 3639 1035 3704 dicam,
1052 3641 1131 3714 (quid
1150 3643 1222 3693 enim
1240 3657 1329 3694 reme-

241 3718 303 3777 tior,
321 3731 390 3786 quae
405 3731 510 3765 omnem
525 3713 658 3766 excedunt
677 3711 818 3795 modoini)
838 3727 933 3779 magna
953 3711 1052 3765 seditio
1071 3713 1264 3782 palatinorum,
1284 3713 1330 3782 qui

241 3785 353 3856 quidem
368 3783 420 3838 deo
434 3784 617 3837 adhaerebant
632 3791 660 3834 et
670 3782 775 3834 veritati
788 3799 854 3842 erus,
868 3783 974 3843 civium.
987 3785 1161 3853 ipsorumque
1171 3782 1241 3835 adeo
1250 3785 1329 3834 cleri-

242 3873 481 3926 onesimumque
497 3873 530 3908 er
548 3855 590 3906 bia
608 3869 719 3923 quoque
730 3854 808 3922 pauci
824 3853 994 3906 exsultabant
1010 3864 1121 3924 propter
1134 3871 1174 3916 ea,
1194 3871 1267 3923 qnae
1285 3870 1329 3903 ac·

243 3926 381 3989 siderant,
399 3927 522 3997 plerique
542 3925 724 3994 suspiciebant
742 3922 878 3974 dominum
900 3933 1030 3994 perpetuo
1050 3925 1104 3976 sibi
1131 3925 1328 3980 obversantem.

168 4031 171 4040 r
243 3995 460 4065 damnabaotque
479 4013 549 4066 quae
564 3997 633 4048 lacta
646 4004 736 4046 erant:
755 3995 826 4046 unde
845 4003 901 4046 orta
921 3997 1016 4064 utique
1034 3997 1105 4047 inter
1128 4011 1176 4047 eos
1196 3995 1330 4046 discordia

245 4073 294 4116 est.
309 4081 339 4114 ac
350 4067 473 4116 nonnulli
487 4066 596 4136 quidem
607 4083 715 4134 parrum
734 4067 921 4134 imperatorem
941 4065 1049 4130 adeunt,
1067 4076 1096 4118 et
1106 4075 1178 4118 recta
1189 4067 1231 4117 sia
1240 4065 1328 4117 omnia

245 4135 319 4188 allati
336 4131 498 4198 decressent,
518 4145 549 4189 ut
569 4137 678 4188 minime
696 4135 848 4198 debebant,
864 4135 1089 4207 archipresbyteri
1106 4137 1329 4197 imminutionem,
