2776 4612
237 226 312 306 426
591 307 593 312 ,
660 243 913 308 suscitemus

237 394 328 458 δυοῖν
346 395 458 471 ἕνεκεν,
479 390 523 466 uic
547 394 670 456 δοκεῖν·
712 385 786 458 ούτε
804 392 865 475 γάρ
886 389 905 454 δ
921 389 1096 474 στρατηγὸς
1113 389 1335 478 προεθαμήθη

237 495 380 576 σωθῆναι
401 491 540 576 ἡμᾶςδι’
560 493 667 558 αἰτίαν
686 485 725 576 ἣν
743 491 787 568 sic
806 491 982 581 θομοσόφῳ
998 493 1105 580 ἑνείνφ
1126 495 1246 558 εἰδέναι
1268 491 1337 574 μά-

236 613 280 678 νην
302 588 506 675 κεχάρισται·
547 585 565 652 δ
587 591 664 668 λαός
682 594 718 657 δὲ
738 595 797 656 τού
816 593 895 656 θεού
907 587 940 658 ,ύ
961 593 1103 657 ε’νταύθα
1121 588 1165 676 με)
1187 587 1230 658 δν
1252 588 1335 658 ύπο-

236 693 386 756 λιπέσθαι
404 687 511 772 εἰπούν,
532 689 563 756 εἰ
580 692 636 754 καί
655 691 745 776 ἡμεῖς
766 688 972 774 εἐδράμιομεν
992 692 1159 776 φυγαδύαι,
1190 688 1337 758 ἔκλεισεν

236 785 312 874 ἡμῖν
341 786 425 854 niso
453 789 512 865 τάς
530 789 631 866 πύλας
663 794 722 856 τού
756 793 901 874 σωθῆναι
927 791 1111 872 βούλεσθαι.
1162 794 1218 856 κατ’
1240 795 1359 856 τούτο5

178 893 296 970 passeis
317 890 354 954 τὸ
377 887 583 976 φαινόμενον·
625 887 649 954 ά
668 891 740 956 δδύ
772 887 845 964 θεὸς
865 891 1005 954 ἐνταῦθα
1024 883 1145 972 ἤθελεν,
1165 893 1263 972 ἕτερα
1285 884 1336 976 η’ν,

237 985 272 1054 ἓν
300 991 360 1069 μὲν
388 987 424 1054 τύ
457 986 642 1056 παιδεύσειν
673 987 756 1076 ἡμᾶς
790 989 862 1053 ἀνθ’
892 979 936 1054 aiv
965 989 1051 1075 αύτῷ
1067 991 1334 1074 προσεκρούομεν,

239 1085 386 1172 δεύτερον
408 1090 444 1154 δὲ
462 1087 497 1167 ,τύ
520 1091 871 1175 φιλανθρωπεύσασθαι
899 1089 944 1163 εἰς
966 1086 1024 1165 τάς
1045 1092 1103 1154 τού
1125 1089 1333 1172 Ἀνδρονάιον

237 1195 348 1271 χεῖρας
369 1192 479 1270 βαλεῖν
501 1189 594 1274 ἡμᾶς.
635 1189 739 1276 ἐφάνη
758 1189 821 1274 γάρ
842 1187 896 1270 ὥς,
917 1185 980 1271 εἴγε
998 1190 1054 1272 τῆς
1072 1188 1194 1266 πόλεως
1213 1188 1335 1273 ταύτης

239 1294 284 1364 εἰς
305 1283 380 1352 ὅσον
400 1287 507 1375 βραχύ
527 1315 557 1354 τι
585 1292 855 1374 προεποδίσαμεν,
872 1281 937 1352 osis
966 1281 1007 1354 ύν
1027 1287 1194 1376 ε’ζήσαμεν,
1218 1291 1292 1354 αλλ’
1317 1291 1373 1353 n‘tu

237 1392 293 1472 τῆς
312 1387 408 1471 δργῆς
428 1389 532 1476 αάτσβ
549 1389 679 1475 τραγέας
699 1387 921 1474 δνοπηρεύχθη
943 1379 983 1454 sir
996 1389 1042 1463 εἰς
1060 1388 1154 1472 ἡμᾶς.
1195 1391 1227 1454 εἰ
1245 1392 1284 1454 δέ
1304 1415 1337 1452 τι

239 1493 294 1553 soi
312 1493 416 1569 τρίτον
437 1479 475 1572 ἢν
496 1491 577 1554 θεού
596 1493 735 1556 ἐνταῦθα
756 1491 890 1574 σκέμμα,
913 1487 950 1554 τὸ
972 1487 1054 1572 ἡμᾶς
1074 1491 1336 1571 παραμείναντας

239 1587 319 1670 πρὸς
340 1587 463 1670 άγαθού
492 1587 577 1664 τινὸς
599 1589 757 1674 ἀποβῆναι
777 1596 842 1664 τοῖς
868 1591 1150 1673 περισεοασμδνοις
1170 1587 1337 1674 ἀδελφοῖς,

239 1682 460 1773 ἐδιδάχθησαν
486 1685 518 1752 ni
538 1691 762 1772 πεπειραμένοι
792 1685 852 1753 σύν
880 1691 954 1773 θεῷ.
995 1685 1051 1751 κατ’
1081 1679 1118 1770 ἦν
1148 1685 1226 1768 ripis
1247 1689 1339 1752 τοοτί

241 1785 277 1852 τὸ
297 1783 480 1868 παράμονον
502 1790 544 1850 ού
575 1793 642 1854 κατ’
663 1785 814 1854 incisori
845 1783 1071 1870 παλαιότερον,
1100 1781 1152 1850 ὅτε
1179 1789 1253 1870 νῆες
1276 1789 1372 1868 μένεν

241 1885 450 1950 α’ποσιατιιιαί
469 1889 650 1953 Λατινικαά
676 1911 760 1963 τινες
790 1889 841 1974 ἐφ’
866 1885 949 1969 ἡμᾶς
978 1891 1013 1950 εἰι
1036 1888 1215 1965 Βυζαντίου
1236 1885 1336 1967 άρχὲ-

241 2005 331 2050 καιτοι
360 1987 571 2067 interiorem,
593 1987 673 2051 κατά
692 1989 760 2054 ,τού
788 1985 989 2070 Ἀνδρονάκοο
1020 1989 1076 2049 και·
1095 1985 1193 2048 uisui
1212 2007 1336 2066 σομπε-

242 2093 420 2166 astusartus,
442 2084 532 2167 ἡμεῖς
553 2089 589 2150 δύ
610 2089 835 2168 παρεμένομεν.
886 2088 955 2149 αλλ’
975 2087 1076 2150 ε’νεῑνο
1097 2089 1158 2165 μὲν
1178 2085 1236 2150 καί
1255 2085 1335 2168 πρό.

241 2189 302 2268 βεεν
319 2187 464 2270 ἐνέφαινε
488 2189 552 2250 τῶν
573 2178 655 2268 ύρτε,
672 2187 906 2267 δοκιμάζουσαν
926 2179 980 2250 οἷα
998 2182 1028 2250 ci
1049 2191 1188 2252 Λατῖνοι
1210 2186 1335 2266 inorm-

243 2289 383 2351 νίσονται
417 2283 505 2367 ἡμῶν
532 2283 817 2370 ιιαθιππάσασθαι,
837 2290 891 2350 κατ’
914 2285 1016 2372 φόβον
1043 2279 1128 2368 εἶχεν
1156 2283 1195 2347 οδ
1218 2284 1369 2352 arturit

242 2383 281 2449 τά
305 2387 340 2449 tt
368 2385 425 2448 νύν
451 2385 537 2468 οἴμοι
570 2385 614 2462 οἱς
634 2385 711 2470 ἡμῖν
742 2379 911 2468 ύπέβαινεν
932 2381 1084 2470 ύπερλύαν
1104 2382 1160 2448 καὶ
1178 2385 1335 2467 ἐναγώνια

244 2488 299 2550 sui
320 2487 453 2571 φοβερά.

317 2659 361 2712 la.
380 2661 647 2734 περιπειρεέμενοιΤ

248 2839 306 2874 mur
329 2820 433 2876 duabus
459 2821 494 2876 ele
523 2823 627 2887 causis,
652 2833 682 2876 ut
707 2823 822 2876 videtur.
867 2823 966 2876 etenim
993 2839 1044 2874 nec
1067 2819 1123 2874 eius
1154 2823 1256 2874 serrari
1286 2839 1331 2872 nos

248 2893 337 2944 soluit
356 2901 467 2962 propter
493 2911 614 2959 causam,
632 2912 711 2966 quam
730 2897 781 2966 ipsi
802 2903 832 2948 ut
848 2895 905 2946 viru
925 2894 1042 2965 sapienti
1064 2893 1224 2960 cognovisse
1243 2894 1331 2944 conti-

248 2964 297 3031 git,
315 2969 343 3016 et
360 2963 438 3034 plebs
459 2965 587 3018 ecelesiae
603 2967 712 3029 urbana,
729 2983 907 3018 remansuram
920 2983 949 3018 se
965 2964 1096 3032 negando,
1118 2965 1140 3016 ei
1161 2981 1211 3015 nos
1233 2963 1332 3016 abisse-

247 3049 306 3085 mus
336 3035 461 3104 profugi,
490 3037 561 3090 iores
578 3037 658 3090 nobis
678 3039 839 3107 praeclusit,
859 3055 893 3088 ne
918 3037 981 3104 luga
1002 3037 1117 3088 salutem
1135 3051 1332 3105 quaereremus.

164 3107 176 3134 ¹
248 3111 332 3174 utque
350 3104 403 3160 ime
421 3105 530 3177 quidem
548 3109 576 3160 in
593 3117 738 3178 conspectu
752 3119 818 3160 erat.
837 3107 884 3160 sed
901 3125 972 3178 quae
991 3107 1056 3158 deos
1077 3115 1142 3158 tunc
1158 3107 1267 3173 agebat,
1283 3107 1334 3156 alin

248 3184 339 3228 crant:
361 3178 407 3246 qui
427 3181 524 3248 partim
542 3179 671 3248 castigare
690 3197 739 3232 nos
756 3181 842 3232 vellet
859 3195 907 3248 pro
934 3179 977 3240 iis,
998 3177 1098 3246 quibus
1118 3193 1134 3226 n
1154 3177 1235 3228 uobis
1251 3181 1332 3228 olleo·

247 3263 292 3304 sus
311 3257 389 3310 esset,
407 3249 504 3317 partim
522 3252 710 3311 commisereri,
727 3239 763 3304 ne
781 3253 809 3304 iu
827 3266 921 3300 manus
937 3247 1081 3300 Andronici
1100 3248 1334 3300 committeremur.

248 3318 420 3372 manifestum
437 3327 478 3372 est
495 3323 583 3382 enim,
604 3321 626 3374 si
645 3339 678 3374 ex
700 3321 749 3373 hnc
780 3321 845 3374 urbe
868 3336 1011 3390 parumper
1032 3319 1262 3390 processissemus,
1283 3335 1334 3370 rron

248 3387 302 3440 ism
324 3405 373 3442 nos
401 3391 519 3443 victuros
550 3391 649 3454 luisse,
677 3392 724 3444 sed
748 3402 824 3446 vetus
851 3391 924 3442 illius
948 3390 978 3442 in
1008 3407 1056 3442 uos
1082 3389 1214 3458 erupisset
1234 3388 1334 3440 odium.

248 3460 395 3525 enimvero,
412 3462 434 3512 si
454 3463 562 3514 tertium
582 3461 717 3532 quoddam
742 3463 794 3516 deo
814 3471 870 3516 tum
899 3461 1042 3512 consilium
1063 3469 1133 3522 erat,
1151 3460 1269 3512 salutem
1286 3479 1335 3512 nu-

248 3539 330 3583 stcam
358 3531 432 3584 haud
459 3533 622 3584 insalubrem
646 3534 728 3585 luisse
762 3533 924 3586 conservatis
958 3531 1101 3592 frutribus,
1133 3539 1334 3598 cognoverunt.

248 3602 297 3672 qul
325 3619 385 3654 cum
416 3603 507 3671 gratio
520 3603 611 3656 divina
639 3605 736 3656 tentati
761 3613 833 3656 strnt.
871 3619 922 3654 nec
946 3602 1026 3654 nobis
1051 3599 1150 3652 occidit
1167 3601 1247 3673 illaec
1264 3619 1334 3653 mnn-

249 3673 290 3750 sip
310 3681 342 3726 ut
360 3674 435 3738 oiim,
455 3691 538 3744 quum
558 3692 638 3727 neres
650 3675 760 3726 Latinae
779 3675 885 3746 aliquot
898 3672 1043 3724 seditiosae
1061 3673 1162 3724 iniuria
1180 3689 1232 3724 nos
1251 3673 1336 3726 iaces·

248 3752 348 3808 serent,
367 3743 493 3796 adsersus
512 3744 694 3798 Andronicum
712 3761 821 3816 quoque
840 3745 1040 3816 conspiratione
1059 3744 1147 3804 sactu,
1168 3761 1276 3814 nosque
1295 3761 1341 3812 re·-

248 3813 410 3868 manentium
431 3817 509 3870 nobis
529 3833 586 3868 esse
607 3825 769 3886 putaremus.
805 3815 853 3867 sed
873 3815 925 3868 suit
943 3815 1014 3866 illud
1033 3813 1112 3866 nobis
1132 3817 1272 3883 specimen
1289 3835 1334 3866 ευ-

249 3899 316 3946 rum,
334 3901 404 3955 queo
423 3887 504 3938 modo
524 3895 680 3950 evenerunt,
699 3905 754 3957 quo
774 3895 924 3958 appareret,
945 3895 1060 3956 quantas
1080 3887 1168 3938 Latini
1187 3887 1268 3939 nobis
1288 3905 1333 3956 pn-

248 3969 313 4021 gnes
331 3955 477 4026 turbasque
497 3959 615 4028 paraturi
634 3967 738 4022 essent,
759 3975 808 4010 nec
828 3977 890 4010 vero
918 3973 1041 4026 magnum
1059 3957 1172 4008 incussit
1191 3967 1333 4020 terrorem,

249 4027 403 4146 ptriqpplenqi'a
423 4038 512 4081 utitem
537 4045 618 4100 quam
638 4030 717 4083 uobis
736 4029 817 4082 ninsio
837 4029 898 4099 plus
919 4029 1072 4082 calamitosa
1092 4037 1118 4082 el
1138 4029 1273 4083 terribilia
1293 4045 1334 4080 es·

248 4111 260 4145 ε
336 4110 364 4146 ιιι
381 4131 387 4144 .
