<?xml version="1.0" encoding="UTF-8"?>
<!DOCTYPE html PUBLIC "-//W3C//DTD XHTML 1.0 Transitional//EN"
    "http://www.w3.org/TR/xhtml1/DTD/xhtml1-transitional.dtd">
<html xmlns="http://www.w3.org/1999/xhtml" xml:lang="en" lang="en">
 <head>
  <title>
</title>
<meta http-equiv="Content-Type" content="text/html;charset=utf-8" />
  <meta name='ocr-system' content='tesseract 3.04.00' />
  <meta name='ocr-capabilities' content='ocr_page ocr_carea ocr_par ocr_line ocrx_word'/>
</head>
<body>
  <div class='ocr_page' id='page_1' title='image "./chronographia00eustgoog_0572.png"; bbox 0 0 2750 4602; ppageno 0'>
   <div class='ocr_carea' id='block_1_1' title="bbox 576 291 1176 364">
    <p class='ocr_par' dir='ltr' id='par_1_1' title="bbox 576 291 1176 364">
     <span class='ocr_line' id='line_1_1' title="bbox 576 291 1176 364; baseline 0.008 -6"><span class='ocrx_word' id='word_1_1' title='bbox 576 291 728 358; x_wconf 72' lang='lat' dir='ltr'><strong>NOTAE.</strong></span> <span class='ocrx_word' id='word_1_2' title='bbox 1105 291 1176 364; x_wconf 79' lang='lat'><strong>515</strong></span> 
     </span>
    </p>
   </div>
   <div class='ocr_carea' id='block_1_2' title="bbox 88 435 1180 612">
    <p class='ocr_par' dir='ltr' id='par_1_2' title="bbox 88 435 1180 612">
     <span class='ocr_line' id='line_1_2' title="bbox 167 435 1179 544; baseline 0.003 -33"><span class='ocrx_word' id='word_1_3' title='bbox 167 449 189 511; x_wconf 87' lang='grc'>8</span> <span class='ocrx_word' id='word_1_4' title='bbox 230 439 430 529; x_wconf 74' lang='grc' dir='ltr'><strong>ἕπιιίγουρον]</strong></span> <span class='ocrx_word' id='word_1_5' title='bbox 455 466 565 544; x_wconf 82' lang='lat' dir='ltr'><strong>vocem</strong></span> <span class='ocrx_word' id='word_1_6' title='bbox 578 435 719 544; x_wconf 71' lang='lat' dir='ltr'><strong>uiyouoov</strong></span> <span class='ocrx_word' id='word_1_7' title='bbox 731 465 793 544; x_wconf 75' lang='lat' dir='ltr'><strong>pro</strong></span> <span class='ocrx_word' id='word_1_8' title='bbox 813 445 936 530; x_wconf 79' lang='lat' dir='ltr'>ephebo</span> <span class='ocrx_word' id='word_1_9' title='bbox 952 453 1046 532; x_wconf 84' lang='lat' dir='ltr'><strong>atque</strong></span> <span class='ocrx_word' id='word_1_10' title='bbox 1068 449 1179 514; x_wconf 82' lang='lat' dir='ltr'><strong>iuvene</strong></span> 
     </span>
     <span class='ocr_line' id='line_1_3' title="bbox 88 530 1180 612; baseline 0 -16"><span class='ocrx_word' id='word_1_11' title='bbox 88 533 121 596; x_wconf 90' lang='lat' dir='ltr'><strong>in</strong></span> <span class='ocrx_word' id='word_1_12' title='bbox 145 533 215 595; x_wconf 87' lang='lat' dir='ltr'><strong>nnis</strong></span> <span class='ocrx_word' id='word_1_13' title='bbox 233 539 375 595; x_wconf 79' lang='lat' dir='ltr'><strong>merente</strong></span> <span class='ocrx_word' id='word_1_14' title='bbox 397 537 526 612; x_wconf 72' lang='lat' dir='ltr'><strong>exponit</strong></span> <span class='ocrx_word' id='word_1_15' title='bbox 546 530 703 592; x_wconf 80' lang='lat' dir='ltr'><strong>Posssnsns</strong></span> <span class='ocrx_word' id='word_1_16' title='bbox 729 551 762 592; x_wconf 88' lang='lat' dir='ltr'><strong>sn</strong></span> <span class='ocrx_word' id='word_1_17' title='bbox 782 533 868 594; x_wconf 83' lang='lat' dir='ltr'><strong>Anna</strong></span> <span class='ocrx_word' id='word_1_18' title='bbox 903 533 1072 611; x_wconf 82' lang='lat' dir='ltr'><strong>comnena,</strong></span> <span class='ocrx_word' id='word_1_19' title='bbox 1093 536 1180 596; x_wconf 85' lang='lat' dir='ltr'><strong>ouius</strong></span> 
     </span>
    </p>
   </div>
   <div class='ocr_carea' id='block_1_3' title="bbox 89 609 1309 698">
    <p class='ocr_par' dir='ltr' id='par_1_3' title="bbox 89 609 1309 698">
     <span class='ocr_line' id='line_1_4' title="bbox 89 609 1309 698; baseline -0.002 -17"><span class='ocrx_word' id='word_1_20' title='bbox 89 615 224 682; x_wconf 76' lang='lat' dir='ltr'><strong>Alesiad.</strong></span> <span class='ocrx_word' id='word_1_21' title='bbox 246 617 265 678; x_wconf 84' lang='lat' dir='ltr'><strong>l.</strong></span> <span class='ocrx_word' id='word_1_22' title='bbox 287 612 307 676; x_wconf 89' lang='grc'><strong>7</strong></span> <span class='ocrx_word' id='word_1_23' title='bbox 328 633 365 676; x_wconf 84' lang='lat' dir='ltr'><strong>en</strong></span> <span class='ocrx_word' id='word_1_24' title='bbox 386 633 445 674; x_wconf 75' lang='lat' dir='ltr'><strong>vox</strong></span> <span class='ocrx_word' id='word_1_25' title='bbox 463 621 554 678; x_wconf 83' lang='lat' dir='ltr'><strong>ostnt.</strong></span> <span class='ocrx_word' id='word_1_26' title='bbox 598 621 630 676; x_wconf 90' lang='lat' dir='ltr'><strong>at</strong></span> <span class='ocrx_word' id='word_1_27' title='bbox 653 634 762 674; x_wconf 85' lang='lat' dir='ltr'><strong>vocem</strong></span> <span class='ocrx_word' id='word_1_28' title='bbox 783 609 972 698; x_wconf 77' lang='grc' dir='ltr'>ἑπιάγουρον</span> <span class='ocrx_word' id='word_1_29' title='bbox 995 616 1109 678; x_wconf 82' lang='lat' dir='ltr'><strong>iturum</strong></span> <span class='ocrx_word' id='word_1_30' title='bbox 1131 619 1181 680; x_wconf 90' lang='lat' dir='ltr'><strong>in·</strong></span> <span class='ocrx_word' id='word_1_31' title='bbox 1305 643 1309 652; x_wconf 90' lang='lat'><strong>·</strong></span> 
     </span>
    </p>
   </div>
   <div class='ocr_carea' id='block_1_4' title="bbox 85 693 1183 1368">
    <p class='ocr_par' dir='ltr' id='par_1_4' title="bbox 85 693 1183 1368">
     <span class='ocr_line' id='line_1_5' title="bbox 90 693 1181 780; baseline -0.007 -15"><span class='ocrx_word' id='word_1_32' title='bbox 90 701 182 764; x_wconf 78' lang='lat' dir='ltr'><strong>venio</strong></span> <span class='ocrx_word' id='word_1_33' title='bbox 204 700 235 761; x_wconf 93' lang='lat' dir='ltr'><strong>in</strong></span> <span class='ocrx_word' id='word_1_34' title='bbox 257 701 362 761; x_wconf 79' lang='lat' dir='ltr'><strong>Leone</strong></span> <span class='ocrx_word' id='word_1_35' title='bbox 382 697 585 780; x_wconf 80' lang='lat' dir='ltr'><strong>grammatico</strong></span> <span class='ocrx_word' id='word_1_36' title='bbox 614 717 645 780; x_wconf 85' lang='lat' dir='ltr'><strong>p.</strong></span> <span class='ocrx_word' id='word_1_37' title='bbox 658 693 721 758; x_wconf 79' lang='lat'><strong>460</strong></span> <span class='ocrx_word' id='word_1_38' title='bbox 745 697 784 758; x_wconf 82' lang='lat' dir='ltr'><strong>dc</strong></span> <span class='ocrx_word' id='word_1_39' title='bbox 804 697 915 759; x_wconf 84' lang='lat' dir='ltr'><strong>Basilio</strong></span> <span class='ocrx_word' id='word_1_40' title='bbox 938 699 1109 762; x_wconf 79' lang='lat' dir='ltr'><strong>Macedone</strong></span> <span class='ocrx_word' id='word_1_41' title='bbox 1131 702 1181 763; x_wconf 88' lang='lat' dir='ltr'><strong>di.</strong></span> 
     </span>
     <span class='ocr_line' id='line_1_6' title="bbox 88 781 1183 866; baseline -0.001 -19"><span class='ocrx_word' id='word_1_42' title='bbox 88 797 190 865; x_wconf 85' lang='lat' dir='ltr'><strong>ctam,</strong></span> <span class='ocrx_word' id='word_1_43' title='bbox 211 805 282 845; x_wconf 87' lang='lat' dir='ltr'><strong>cum</strong></span> <span class='ocrx_word' id='word_1_44' title='bbox 309 781 455 843; x_wconf 86' lang='lat' dir='ltr'><strong>robustus</strong></span> <span class='ocrx_word' id='word_1_45' title='bbox 476 800 677 862; x_wconf 85' lang='lat' dir='ltr'><strong>proceroque</strong></span> <span class='ocrx_word' id='word_1_46' title='bbox 697 800 834 862; x_wconf 88' lang='lat' dir='ltr'><strong>corpore</strong></span> <span class='ocrx_word' id='word_1_47' title='bbox 855 781 973 844; x_wconf 84' lang='lat' dir='ltr'><strong>iuvenis</strong></span> <span class='ocrx_word' id='word_1_48' title='bbox 994 781 1183 866; x_wconf 82' lang='lat' dir='ltr'><strong>Theophiii-</strong></span> 
     </span>
     <span class='ocr_line' id='line_1_7' title="bbox 89 863 1182 946; baseline 0 -14"><span class='ocrx_word' id='word_1_49' title='bbox 89 869 146 932; x_wconf 80' lang='lat' dir='ltr'><strong>tris</strong></span> <span class='ocrx_word' id='word_1_50' title='bbox 167 867 329 931; x_wconf 87' lang='lat' dir='ltr'><strong>comitatui</strong></span> <span class='ocrx_word' id='word_1_51' title='bbox 352 863 487 926; x_wconf 84' lang='lat' dir='ltr'><strong>adiectus</strong></span> <span class='ocrx_word' id='word_1_52' title='bbox 508 872 569 940; x_wconf 87' lang='lat' dir='ltr'><strong>cst,</strong></span> <span class='ocrx_word' id='word_1_53' title='bbox 593 884 686 946; x_wconf 83' lang='lat' dir='ltr'><strong>quem</strong></span> <span class='ocrx_word' id='word_1_54' title='bbox 711 865 928 926; x_wconf 76' lang='lat' dir='ltr'><strong>Constantinus</strong></span> <span class='ocrx_word' id='word_1_55' title='bbox 952 868 981 927; x_wconf 92' lang='lat' dir='ltr'><strong>in</strong></span> <span class='ocrx_word' id='word_1_56' title='bbox 996 867 1098 928; x_wconf 82' lang='lat' dir='ltr'><strong>Basilii</strong></span> <span class='ocrx_word' id='word_1_57' title='bbox 1117 869 1182 932; x_wconf 80' lang='lat' dir='ltr'><strong>vitu</strong></span> 
     </span>
     <span class='ocr_line' id='line_1_8' title="bbox 88 945 1181 1030; baseline -0.001 -15"><span class='ocrx_word' id='word_1_58' title='bbox 88 950 238 1016; x_wconf 79' lang='lat' dir='ltr'><strong>eiusmodi</strong></span> <span class='ocrx_word' id='word_1_59' title='bbox 260 951 416 1025; x_wconf 81' lang='lat' dir='ltr'><strong>iuvenum,</strong></span> <span class='ocrx_word' id='word_1_60' title='bbox 440 949 552 1030; x_wconf 89' lang='lat' dir='ltr'><strong>acqui</strong></span> <span class='ocrx_word' id='word_1_61' title='bbox 576 945 701 1028; x_wconf 82' lang='lat' dir='ltr'><strong>pulchri</strong></span> <span class='ocrx_word' id='word_1_62' title='bbox 724 956 841 1024; x_wconf 80' lang='lat' dir='ltr'><strong>essent,</strong></span> <span class='ocrx_word' id='word_1_63' title='bbox 863 947 1005 1026; x_wconf 67' lang='grc' dir='ltr'><strong><em>εὐειδεῖς,</em></strong></span> <span class='ocrx_word' id='word_1_64' title='bbox 1028 949 1071 1012; x_wconf 86' lang='lat' dir='ltr'><strong>ait</strong></span> <span class='ocrx_word' id='word_1_65' title='bbox 1090 953 1181 1014; x_wconf 82' lang='lat' dir='ltr'><strong>fuisse</strong></span> 
     </span>
     <span class='ocr_line' id='line_1_9' title="bbox 87 1029 1183 1115; baseline 0 -17"><span class='ocrx_word' id='word_1_66' title='bbox 87 1035 343 1099; x_wconf 88' lang='lat' dir='ltr'><strong>studiosissimum</strong></span> <span class='ocrx_word' id='word_1_67' title='bbox 364 1053 428 1094; x_wconf 91' lang='lat' dir='ltr'><strong>non</strong></span> <span class='ocrx_word' id='word_1_68' title='bbox 449 1031 529 1092; x_wconf 82' lang='lat' dir='ltr'><strong>mals</strong></span> <span class='ocrx_word' id='word_1_69' title='bbox 543 1029 593 1092; x_wconf 91' lang='lat' dir='ltr'><strong>hic</strong></span> <span class='ocrx_word' id='word_1_70' title='bbox 607 1030 641 1095; x_wconf 87' lang='lat' dir='ltr'><strong>P.</strong></span> <span class='ocrx_word' id='word_1_71' title='bbox 655 1031 742 1090; x_wconf 86' lang='lat' dir='ltr'><strong>Goar</strong></span> <span class='ocrx_word' id='word_1_72' title='bbox 755 1033 861 1092; x_wconf 80' lang='lat' dir='ltr'><strong>virilis</strong></span> <span class='ocrx_word' id='word_1_73' title='bbox 881 1041 914 1092; x_wconf 89' lang='lat' dir='ltr'><strong>at</strong></span> <span class='ocrx_word' id='word_1_74' title='bbox 935 1035 1050 1111; x_wconf 85' lang='lat' dir='ltr'><strong>matins,</strong></span> <span class='ocrx_word' id='word_1_75' title='bbox 1070 1037 1183 1115; x_wconf 79' lang='lat' dir='ltr'><strong>grunds&#39;</strong></span> 
     </span>
     <span class='ocr_line' id='line_1_10' title="bbox 85 1113 1181 1202; baseline -0.002 -20"><span class='ocrx_word' id='word_1_76' title='bbox 85 1121 271 1202; x_wconf 79' lang='lat' dir='ltr'><strong>robustoque.</strong></span> <span class='ocrx_word' id='word_1_77' title='bbox 326 1115 369 1176; x_wconf 89' lang='lat' dir='ltr'><strong>ihi</strong></span> <span class='ocrx_word' id='word_1_78' title='bbox 392 1135 456 1176; x_wconf 90' lang='lat' dir='ltr'><strong>non</strong></span> <span class='ocrx_word' id='word_1_79' title='bbox 478 1113 582 1196; x_wconf 84' lang='lat' dir='ltr'><strong>piacet</strong></span> <span class='ocrx_word' id='word_1_80' title='bbox 602 1128 748 1195; x_wconf 73' lang='lat' dir='ltr'><strong>agscstcm</strong></span> <span class='ocrx_word' id='word_1_81' title='bbox 781 1117 936 1176; x_wconf 79' lang='lat' dir='ltr'><strong>iuvenem.-</strong></span> <span class='ocrx_word' id='word_1_82' title='bbox 966 1120 1071 1198; x_wconf 83' lang='lat' dir='ltr'><strong>potius</strong></span> <span class='ocrx_word' id='word_1_83' title='bbox 1090 1121 1181 1180; x_wconf 80' lang='lat' dir='ltr'><strong>robu-</strong></span> 
     </span>
     <span class='ocr_line' id='line_1_11' title="bbox 87 1185 1181 1281; baseline -0.001 -17"><span class='ocrx_word' id='word_1_84' title='bbox 87 1217 162 1264; x_wconf 83' lang='lat' dir='ltr'><strong>stum</strong></span> <span class='ocrx_word' id='word_1_85' title='bbox 183 1205 312 1281; x_wconf 79' lang='lat' dir='ltr'><strong>sortem,</strong></span> <span class='ocrx_word' id='word_1_86' title='bbox 334 1197 497 1280; x_wconf 66' lang='lat' dir='ltr'><strong>grandem</strong></span> <span class='ocrx_word' id='word_1_87' title='bbox 520 1197 558 1258; x_wconf 86' lang='lat' dir='ltr'><strong>de</strong></span> <span class='ocrx_word' id='word_1_88' title='bbox 600 1218 642 1258; x_wconf 92' lang='lat' dir='ltr'><strong>uo</strong></span> <span class='ocrx_word' id='word_1_89' title='bbox 663 1199 767 1259; x_wconf 85' lang='lat' dir='ltr'><strong>statim</strong></span> <span class='ocrx_word' id='word_1_90' title='bbox 781 1185 847 1259; x_wconf 75' lang='grc' dir='ltr'><strong>οἷον</strong></span> <span class='ocrx_word' id='word_1_91' title='bbox 868 1189 1004 1278; x_wconf 77' lang='grc' dir='ltr'><strong>ἅγουρον</strong></span> <span class='ocrx_word' id='word_1_92' title='bbox 1025 1201 1083 1262; x_wconf 73' lang='grc' dir='ltr'><strong>νῦν</strong></span> <span class='ocrx_word' id='word_1_93' title='bbox 1104 1201 1181 1263; x_wconf 73' lang='lat' dir='ltr'><strong>cius·</strong></span> 
     </span>
     <span class='ocr_line' id='line_1_12' title="bbox 89 1219 961 1368; baseline -0.006 -21"><span class='ocrx_word' id='word_1_94' title='bbox 89 1251 230 1364; x_wconf 66' lang='lat' dir='ltr'><strong>iassriusv</strong></span> <span class='ocrx_word' id='word_1_95' title='bbox 252 1283 370 1368; x_wconf 84' lang='lat' dir='ltr'><strong>qualem</strong></span> <span class='ocrx_word' id='word_1_96' title='bbox 390 1303 467 1343; x_wconf 83' lang='lat' dir='ltr'><strong>nursc</strong></span> <span class='ocrx_word' id='word_1_97' title='bbox 485 1219 645 1342; x_wconf 64' lang='lat' dir='ltr'><strong>machis</strong></span> <span class='ocrx_word' id='word_1_98' title='bbox 664 1283 817 1342; x_wconf 83' lang='lat' dir='ltr'><strong>comitatui</strong></span> <span class='ocrx_word' id='word_1_99' title='bbox 836 1281 961 1364; x_wconf 77' lang='lat' dir='ltr'><em>adlegi?</em></span> 
     </span>
    </p>
   </div>
   <div class='ocr_carea' id='block_1_5' title="bbox 89 1395 1184 1649">
    <p class='ocr_par' dir='ltr' id='par_1_5' title="bbox 89 1395 1184 1649">
     <span class='ocr_line' id='line_1_13' title="bbox 171 1395 1182 1476; baseline 0.002 -14"><span class='ocrx_word' id='word_1_100' title='bbox 171 1397 191 1462; x_wconf 80' lang='lat'><strong>9</strong></span> <span class='ocrx_word' id='word_1_101' title='bbox 233 1395 268 1461; x_wconf 82' lang='lat' dir='ltr'><strong>ssi</strong></span> <span class='ocrx_word' id='word_1_102' title='bbox 293 1395 389 1476; x_wconf 80' lang='grc' dir='ltr'>πάνυ]</span> <span class='ocrx_word' id='word_1_103' title='bbox 421 1400 512 1462; x_wconf 86' lang='lat' dir='ltr'><strong>nihii·</strong></span> <span class='ocrx_word' id='word_1_104' title='bbox 532 1406 577 1460; x_wconf 79' lang='lat' dir='ltr'><strong>est</strong></span> <span class='ocrx_word' id='word_1_105' title='bbox 608 1419 666 1460; x_wconf 88' lang='lat' dir='ltr'><strong>cur</strong></span> <span class='ocrx_word' id='word_1_106' title='bbox 687 1395 863 1462; x_wconf 82' lang='lat' dir='ltr'><strong>redundare</strong></span> <span class='ocrx_word' id='word_1_107' title='bbox 891 1397 1102 1462; x_wconf 79' lang='lat' dir='ltr'><strong>existimeturs</strong></span> <span class='ocrx_word' id='word_1_108' title='bbox 1125 1421 1182 1464; x_wconf 87' lang='lat' dir='ltr'><strong>ncc</strong></span> 
     </span>
     <span class='ocr_line' id='line_1_14' title="bbox 89 1481 1184 1568; baseline 0.002 -23"><span class='ocrx_word' id='word_1_109' title='bbox 89 1484 172 1545; x_wconf 87' lang='lat' dir='ltr'><strong>enim</strong></span> <span class='ocrx_word' id='word_1_110' title='bbox 202 1505 320 1546; x_wconf 88' lang='lat' dir='ltr'><strong>novum</strong></span> <span class='ocrx_word' id='word_1_111' title='bbox 355 1491 391 1546; x_wconf 90' lang='lat' dir='ltr'><strong>ut</strong></span> <span class='ocrx_word' id='word_1_112' title='bbox 426 1494 458 1547; x_wconf 87' lang='lat' dir='ltr'><strong>et</strong></span> <span class='ocrx_word' id='word_1_113' title='bbox 493 1481 689 1568; x_wconf 78' lang='lat' dir='ltr'><strong>superlativis</strong></span> <span class='ocrx_word' id='word_1_114' title='bbox 721 1481 868 1544; x_wconf 83' lang='lat' dir='ltr'><strong>adverbia</strong></span> <span class='ocrx_word' id='word_1_115' title='bbox 900 1481 1051 1545; x_wconf 88' lang='lat' dir='ltr'><strong>eiusmodi</strong></span> <span class='ocrx_word' id='word_1_116' title='bbox 1072 1483 1184 1547; x_wconf 87' lang='lat' dir='ltr'><strong>adiun-</strong></span> 
     </span>
     <span class='ocr_line' id='line_1_15' title="bbox 90 1577 215 1649; baseline 0.016 -21"><span class='ocrx_word' id='word_1_117' title='bbox 90 1577 215 1649; x_wconf 81' lang='lat' dir='ltr'><strong>gantur.</strong></span> 
     </span>
    </p>
   </div>
   <div class='ocr_carea' id='block_1_6' title="bbox 8 1668 1189 3042">
    <p class='ocr_par' dir='ltr' id='par_1_6' title="bbox 8 1668 1184 2007">
     <span class='ocr_line' id='line_1_16' title="bbox 175 1668 1183 1773; baseline 0 -37"><span class='ocrx_word' id='word_1_118' title='bbox 175 1672 213 1736; x_wconf 88' lang='lat'><strong>10</strong></span> <span class='ocrx_word' id='word_1_119' title='bbox 253 1668 357 1752; x_wconf 78' lang='grc' dir='ltr'><strong><em>κόψας</em></strong></span> <span class='ocrx_word' id='word_1_120' title='bbox 392 1673 449 1736; x_wconf 77' lang='lat' dir='ltr'><strong>sui</strong></span> <span class='ocrx_word' id='word_1_121' title='bbox 480 1668 539 1755; x_wconf 77' lang='grc' dir='ltr'><strong>τὴν</strong></span> <span class='ocrx_word' id='word_1_122' title='bbox 568 1670 701 1749; x_wconf 66' lang='lat' dir='ltr'><strong>sensas]</strong></span> <span class='ocrx_word' id='word_1_123' title='bbox 722 1671 837 1734; x_wconf 78' lang='lat' dir='ltr'><strong>vallum</strong></span> <span class='ocrx_word' id='word_1_124' title='bbox 851 1673 957 1736; x_wconf 65' lang='lat' dir='ltr'><strong>sanan</strong></span> <span class='ocrx_word' id='word_1_125' title='bbox 976 1675 1109 1736; x_wconf 67' lang='lat' dir='ltr'><strong>erenum</strong></span> <span class='ocrx_word' id='word_1_126' title='bbox 1127 1695 1183 1773; x_wconf 74' lang='lat' dir='ltr'><strong>op·</strong></span> 
     </span>
     <span class='ocr_line' id='line_1_17' title="bbox 8 1749 1183 1842; baseline 0 -24"><span class='ocrx_word' id='word_1_127' title='bbox 8 1755 11 1770; x_wconf 85' lang='lat'><em>&#39;</em></span> <span class='ocrx_word' id='word_1_128' title='bbox 85 1779 209 1842; x_wconf 81' lang='lat' dir='ltr'><strong>ponens.</strong></span> <span class='ocrx_word' id='word_1_129' title='bbox 250 1757 295 1819; x_wconf 91' lang='lat' dir='ltr'><strong>sic</strong></span> <span class='ocrx_word' id='word_1_130' title='bbox 317 1778 350 1840; x_wconf 87' lang='lat' dir='ltr'><strong>p.</strong></span> <span class='ocrx_word' id='word_1_131' title='bbox 365 1749 427 1819; x_wconf 76' lang='lat'><strong>416</strong></span> <span class='ocrx_word' id='word_1_132' title='bbox 450 1755 644 1840; x_wconf 81' lang='lat' dir='ltr'><strong>Nicephorns</strong></span> <span class='ocrx_word' id='word_1_133' title='bbox 665 1757 821 1819; x_wconf 84' lang='lat' dir='ltr'><strong>ambustus</strong></span> <span class='ocrx_word' id='word_1_134' title='bbox 843 1755 960 1818; x_wconf 84' lang='lat' dir='ltr'><strong>dicitur</strong></span> <span class='ocrx_word' id='word_1_135' title='bbox 973 1757 1004 1818; x_wconf 91' lang='lat' dir='ltr'><strong>in</strong></span> <span class='ocrx_word' id='word_1_136' title='bbox 1026 1758 1183 1842; x_wconf 75' lang='lat' dir='ltr'><strong>Butgaraa,</strong></span> 
     </span>
     <span class='ocr_line' id='line_1_18' title="bbox 88 1838 1184 1926; baseline 0.003 -25"><span class='ocrx_word' id='word_1_137' title='bbox 88 1841 135 1924; x_wconf 71' lang='grc' dir='ltr'><strong>τῷ</strong></span> <span class='ocrx_word' id='word_1_138' title='bbox 152 1843 208 1920; x_wconf 77' lang='grc' dir='ltr'><strong>τῆς</strong></span> <span class='ocrx_word' id='word_1_139' title='bbox 229 1838 345 1912; x_wconf 81' lang='grc' dir='ltr'><strong><em>σούλας</em></strong></span> <span class='ocrx_word' id='word_1_140' title='bbox 365 1839 447 1920; x_wconf 80' lang='grc' dir='ltr'><strong><em>πυρί</em></strong></span> <span class='ocrx_word' id='word_1_141' title='bbox 451 1865 458 1900; x_wconf 89' lang='lat'><strong>:</strong></span> <span class='ocrx_word' id='word_1_142' title='bbox 479 1843 548 1922; x_wconf 75' lang='lat' dir='ltr'><strong>igne</strong></span> <span class='ocrx_word' id='word_1_143' title='bbox 570 1841 657 1918; x_wconf 76' lang='lat' dir='ltr'><strong>valli,</strong></span> <span class='ocrx_word' id='word_1_144' title='bbox 686 1839 789 1923; x_wconf 89' lang='lat' dir='ltr'><strong>inquit</strong></span> <span class='ocrx_word' id='word_1_145' title='bbox 806 1841 979 1902; x_wconf 75' lang='lat' dir='ltr'><strong>Anastasius</strong></span> <span class='ocrx_word' id='word_1_146' title='bbox 1001 1861 1112 1926; x_wconf 70' lang='lat' dir='ltr'><strong>nempe</strong></span> <span class='ocrx_word' id='word_1_147' title='bbox 1142 1842 1184 1904; x_wconf 85' lang='lat' dir='ltr'><strong>ii-</strong></span> 
     </span>
     <span class='ocr_line' id='line_1_19' title="bbox 89 1921 960 2007; baseline 0 -23"><span class='ocrx_word' id='word_1_148' title='bbox 89 1923 155 2006; x_wconf 81' lang='lat' dir='ltr'><strong>gnis</strong></span> <span class='ocrx_word' id='word_1_149' title='bbox 178 1923 238 1986; x_wconf 82' lang='lat' dir='ltr'><strong>iliis</strong></span> <span class='ocrx_word' id='word_1_150' title='bbox 260 1924 371 2007; x_wconf 91' lang='lat' dir='ltr'><strong>quihus</strong></span> <span class='ocrx_word' id='word_1_151' title='bbox 391 1921 525 1986; x_wconf 88' lang='lat' dir='ltr'><strong>Crumus</strong></span> <span class='ocrx_word' id='word_1_152' title='bbox 547 1932 648 1986; x_wconf 75' lang='lat' dir='ltr'><strong>castra</strong></span> <span class='ocrx_word' id='word_1_153' title='bbox 671 1923 960 2006; x_wconf 84' lang='lat' dir='ltr'><strong>circumsepirsrnt.</strong></span> 
     </span>
    </p>

    <p class='ocr_par' dir='ltr' id='par_1_7' title="bbox 90 2017 1186 2420">
     <span class='ocr_line' id='line_1_20' title="bbox 179 2017 1185 2107; baseline 0.003 -23"><span class='ocrx_word' id='word_1_154' title='bbox 179 2024 214 2086; x_wconf 88' lang='lat' dir='ltr'><strong>ll</strong></span> <span class='ocrx_word' id='word_1_155' title='bbox 257 2022 316 2083; x_wconf 77' lang='grc' dir='ltr'><strong>τοῦ</strong></span> <span class='ocrx_word' id='word_1_156' title='bbox 335 2019 391 2083; x_wconf 74' lang='grc' dir='ltr'><strong>καὶ</strong></span> <span class='ocrx_word' id='word_1_157' title='bbox 413 2017 615 2102; x_wconf 60' lang='lat' dir='ltr'><strong>utrantos]</strong></span> <span class='ocrx_word' id='word_1_158' title='bbox 638 2023 712 2086; x_wconf 83' lang='lat' dir='ltr'><strong>facit</strong></span> <span class='ocrx_word' id='word_1_159' title='bbox 734 2023 847 2086; x_wconf 83' lang='lat' dir='ltr'><strong>Leonis</strong></span> <span class='ocrx_word' id='word_1_160' title='bbox 868 2022 946 2086; x_wconf 81' lang='lat' dir='ltr'><strong>hacc</strong></span> <span class='ocrx_word' id='word_1_161' title='bbox 964 2023 1123 2107; x_wconf 79' lang='lat' dir='ltr'><strong>diligentia</strong></span> <span class='ocrx_word' id='word_1_162' title='bbox 1149 2033 1185 2087; x_wconf 90' lang='lat' dir='ltr'><strong>ut</strong></span> 
     </span>
     <span class='ocr_line' id='line_1_21' title="bbox 90 2105 1185 2192; baseline -0.002 -25"><span class='ocrx_word' id='word_1_163' title='bbox 90 2114 123 2167; x_wconf 82' lang='lat' dir='ltr'><strong>et</strong></span> <span class='ocrx_word' id='word_1_164' title='bbox 144 2117 249 2188; x_wconf 86' lang='lat' dir='ltr'><strong>patres</strong></span> <span class='ocrx_word' id='word_1_165' title='bbox 272 2105 469 2168; x_wconf 79' lang='lat' dir='ltr'><strong>Constantini</strong></span> <span class='ocrx_word' id='word_1_166' title='bbox 489 2107 577 2168; x_wconf 84' lang='lat' dir='ltr'><strong>istam</strong></span> <span class='ocrx_word' id='word_1_167' title='bbox 600 2107 874 2192; x_wconf 79' lang='lat' dir='ltr'><strong>pseudosynodum</strong></span> <span class='ocrx_word' id='word_1_168' title='bbox 895 2118 1043 2170; x_wconf 78' lang='lat' dir='ltr'><strong>accurato</strong></span> <span class='ocrx_word' id='word_1_169' title='bbox 1062 2109 1185 2170; x_wconf 83' lang='lat' dir='ltr'><strong>refuta.</strong></span> 
     </span>
     <span class='ocr_line' id='line_1_22' title="bbox 92 2187 1185 2274; baseline 0.005 -25"><span class='ocrx_word' id='word_1_170' title='bbox 92 2193 218 2264; x_wconf 76' lang='lat' dir='ltr'><strong>verint3</strong></span> <span class='ocrx_word' id='word_1_171' title='bbox 254 2211 334 2274; x_wconf 80' lang='lat' dir='ltr'><strong>quac</strong></span> <span class='ocrx_word' id='word_1_172' title='bbox 364 2211 476 2252; x_wconf 85' lang='lat' dir='ltr'><strong>corum</strong></span> <span class='ocrx_word' id='word_1_173' title='bbox 494 2187 655 2268; x_wconf 77' lang='lat' dir='ltr'><strong>refutatio,</strong></span> <span class='ocrx_word' id='word_1_174' title='bbox 679 2212 733 2253; x_wconf 81' lang='lat' dir='ltr'><strong>scu</strong></span> <span class='ocrx_word' id='word_1_175' title='bbox 756 2191 862 2272; x_wconf 86' lang='lat' dir='ltr'><strong>potius</strong></span> <span class='ocrx_word' id='word_1_176' title='bbox 884 2192 915 2252; x_wconf 86' lang='lat' dir='ltr'><strong>S.</strong></span> <span class='ocrx_word' id='word_1_177' title='bbox 936 2191 1106 2274; x_wconf 77' lang='lat' dir='ltr'><strong>Nicephori</strong></span> <span class='ocrx_word' id='word_1_178' title='bbox 1128 2213 1185 2254; x_wconf 79' lang='lat' dir='ltr'><strong>no-</strong></span> 
     </span>
     <span class='ocr_line' id='line_1_23' title="bbox 93 2271 1186 2418; baseline 0.005 -85"><span class='ocrx_word' id='word_1_179' title='bbox 93 2295 164 2418; x_wconf 54' lang='lat' dir='ltr'><strong>Enm</strong></span> <span class='ocrx_word' id='word_1_180' title='bbox 186 2275 332 2353; x_wconf 82' lang='lat' dir='ltr'><strong>nomino,</strong></span> <span class='ocrx_word' id='word_1_181' title='bbox 354 2271 511 2335; x_wconf 81' lang='lat' dir='ltr'><strong>lucutenta</strong></span> <span class='ocrx_word' id='word_1_182' title='bbox 539 2281 622 2336; x_wconf 82' lang='lat' dir='ltr'><strong>extat</strong></span> <span class='ocrx_word' id='word_1_183' title='bbox 654 2274 685 2336; x_wconf 89' lang='lat' dir='ltr'><strong>in</strong></span> <span class='ocrx_word' id='word_1_184' title='bbox 710 2294 774 2336; x_wconf 89' lang='lat' dir='ltr'><strong>nno</strong></span> <span class='ocrx_word' id='word_1_185' title='bbox 796 2272 867 2337; x_wconf 87' lang='lat' dir='ltr'><strong>cod.</strong></span> <span class='ocrx_word' id='word_1_186' title='bbox 893 2274 1011 2358; x_wconf 78' lang='lat' dir='ltr'><strong>Regio,</strong></span> <span class='ocrx_word' id='word_1_187' title='bbox 1032 2297 1186 2360; x_wconf 81' lang='lat' dir='ltr'><strong>perquam</strong></span> 
     </span>
     <span class='ocr_line' id='line_1_24' title="bbox 116 2356 747 2420; baseline 0.006 -4"><span class='ocrx_word' id='word_1_188' title='bbox 116 2356 124 2416; x_wconf 96' lang='lat' dir='ltr'><strong>i</strong></span> <span class='ocrx_word' id='word_1_189' title='bbox 148 2379 186 2418; x_wconf 88' lang='lat' dir='ltr'><strong>na</strong></span> <span class='ocrx_word' id='word_1_190' title='bbox 210 2359 287 2420; x_wconf 80' lang='lat' dir='ltr'><strong>lnce.</strong></span> <span class='ocrx_word' id='word_1_191' title='bbox 744 2371 747 2390; x_wconf 80' lang='lat'>¹</span> 
     </span>
    </p>

    <p class='ocr_par' dir='ltr' id='par_1_8' title="bbox 91 2379 1189 3042">
     <span class='ocr_line' id='line_1_25' title="bbox 127 2379 1186 2538; baseline 0 -18"><span class='ocrx_word' id='word_1_192' title='bbox 127 2379 146 2440; x_wconf 60' lang='lat' dir='ltr'>g</span> <span class='ocrx_word' id='word_1_193' title='bbox 179 2459 217 2524; x_wconf 76' lang='lat'><strong>12</strong></span> <span class='ocrx_word' id='word_1_194' title='bbox 257 2457 314 2520; x_wconf 79' lang='grc' dir='ltr'><strong><em>καί</em></strong></span> <span class='ocrx_word' id='word_1_195' title='bbox 336 2455 527 2534; x_wconf 77' lang='grc' dir='ltr'><strong><em>Κασυμαθᾶ</em></strong></span> <span class='ocrx_word' id='word_1_196' title='bbox 553 2453 700 2533; x_wconf 73' lang='grc' dir='ltr'><strong>μαθόντα</strong></span> <span class='ocrx_word' id='word_1_197' title='bbox 733 2449 790 2536; x_wconf 74' lang='grc' dir='ltr'><strong>τήν</strong></span> <span class='ocrx_word' id='word_1_198' title='bbox 810 2464 944 2536; x_wconf 65' lang='lat' dir='ltr'><strong>runnu]</strong></span> <span class='ocrx_word' id='word_1_199' title='bbox 969 2475 1027 2538; x_wconf 79' lang='lat' dir='ltr'><strong>ego</strong></span> <span class='ocrx_word' id='word_1_200' title='bbox 1047 2457 1090 2518; x_wconf 86' lang='lat' dir='ltr'><strong>sic</strong></span> <span class='ocrx_word' id='word_1_201' title='bbox 1112 2457 1186 2520; x_wconf 85' lang='lat' dir='ltr'><strong>rcd·</strong></span> 
     </span>
     <span class='ocr_line' id='line_1_26' title="bbox 92 2539 1185 2640; baseline -0.001 -39"><span class='ocrx_word' id='word_1_202' title='bbox 92 2539 174 2618; x_wconf 84' lang='lat' dir='ltr'><strong>dam,</strong></span> <span class='ocrx_word' id='word_1_203' title='bbox 195 2545 248 2625; x_wconf 86' lang='lat' dir='ltr'><strong>qui</strong></span> <span class='ocrx_word' id='word_1_204' title='bbox 276 2541 456 2620; x_wconf 78' lang='lat' dir='ltr'><strong>Casynsatha</strong></span> <span class='ocrx_word' id='word_1_205' title='bbox 484 2539 690 2640; x_wconf 57' lang='lat' dir='ltr'><strong>ludimagistro</strong></span> <span class='ocrx_word' id='word_1_206' title='bbox 716 2541 941 2639; x_wconf 71' lang='lat' dir='ltr'><strong>grammaticam</strong></span> <span class='ocrx_word' id='word_1_207' title='bbox 961 2540 1119 2617; x_wconf 58' lang='lat' dir='ltr'><strong>didicisset,</strong></span> <span class='ocrx_word' id='word_1_208' title='bbox 1140 2563 1185 2600; x_wconf 81' lang='lat' dir='ltr'><strong>se-</strong></span> 
     </span>
     <span class='ocr_line' id='line_1_27' title="bbox 91 2622 1187 2792; baseline 0 -24"><span class='ocrx_word' id='word_1_209' title='bbox 91 2623 481 2792; x_wconf 50' lang='grc' dir='ltr'><strong>Ξξῗῖοιιζξξὲῗθῆείῒυὲῑᾱ</strong></span> <span class='ocrx_word' id='word_1_210' title='bbox 493 2622 1187 2791; x_wconf 43' lang='lat' dir='ltr'><strong>ffiixmsstugedffiedtzlzmiwssslgfflg</strong></span> 
     </span>
     <span class='ocr_line' id='line_1_28' title="bbox 94 2789 1186 2874; baseline -0.003 -21"><span class='ocrx_word' id='word_1_211' title='bbox 94 2793 280 2873; x_wconf 75' lang='lat' dir='ltr'><strong>Pergenscm</strong></span> <span class='ocrx_word' id='word_1_212' title='bbox 314 2795 493 2874; x_wconf 83' lang='lat' dir='ltr'><strong>episcopum</strong></span> <span class='ocrx_word' id='word_1_213' title='bbox 515 2792 705 2867; x_wconf 82' lang='lat' dir='ltr'><strong>Antonium,</strong></span> <span class='ocrx_word' id='word_1_214' title='bbox 731 2791 785 2874; x_wconf 89' lang='lat' dir='ltr'><strong>qui</strong></span> <span class='ocrx_word' id='word_1_215' title='bbox 806 2791 950 2852; x_wconf 88' lang='lat' dir='ltr'><strong>omnihus</strong></span> <span class='ocrx_word' id='word_1_216' title='bbox 971 2789 1017 2852; x_wconf 90' lang='lat' dir='ltr'><strong>his</strong></span> <span class='ocrx_word' id='word_1_217' title='bbox 1039 2790 1186 2872; x_wconf 80' lang='lat' dir='ltr'><strong>gradihus</strong></span> 
     </span>
     <span class='ocr_line' id='line_1_29' title="bbox 95 2873 1189 2972; baseline 0 -38"><span class='ocrx_word' id='word_1_218' title='bbox 95 2896 164 2936; x_wconf 85' lang='lat' dir='ltr'><strong>eam</strong></span> <span class='ocrx_word' id='word_1_219' title='bbox 185 2875 224 2936; x_wconf 89' lang='lat' dir='ltr'><strong>sit</strong></span> <span class='ocrx_word' id='word_1_220' title='bbox 245 2875 374 2957; x_wconf 83' lang='lat' dir='ltr'><strong>adeptus</strong></span> <span class='ocrx_word' id='word_1_221' title='bbox 393 2874 740 2958; x_wconf 80' lang='lat' dir='ltr'><strong>sedem,·haeresimquc</strong></span> <span class='ocrx_word' id='word_1_222' title='bbox 755 2873 1032 2936; x_wconf 79' lang='lat' dir='ltr'><strong>iconomachorum</strong></span> <span class='ocrx_word' id='word_1_223' title='bbox 1052 2891 1189 2972; x_wconf 64' lang='lat' dir='ltr'><strong>promo-</strong></span> 
     </span>
     <span class='ocr_line' id='line_1_30' title="bbox 95 2957 1093 3042; baseline -0.001 -23"><span class='ocrx_word' id='word_1_224' title='bbox 95 2959 187 3036; x_wconf 86' lang='lat' dir='ltr'><strong>verit,</strong></span> <span class='ocrx_word' id='word_1_225' title='bbox 211 2980 273 3020; x_wconf 90' lang='lat' dir='ltr'><strong>non</strong></span> <span class='ocrx_word' id='word_1_226' title='bbox 290 2967 353 3020; x_wconf 86' lang='lat' dir='ltr'><strong>tres</strong></span> <span class='ocrx_word' id='word_1_227' title='bbox 375 2959 522 3038; x_wconf 83' lang='lat' dir='ltr'><strong>diversos,</strong></span> <span class='ocrx_word' id='word_1_228' title='bbox 542 2957 629 3042; x_wconf 89' lang='lat' dir='ltr'><strong>quod</strong></span> <span class='ocrx_word' id='word_1_229' title='bbox 649 2967 760 3020; x_wconf 87' lang='lat' dir='ltr'><strong>sonant</strong></span> <span class='ocrx_word' id='word_1_230' title='bbox 784 2957 880 3034; x_wconf 66' lang='lat' dir='ltr'><strong>vos-ba</strong></span> <span class='ocrx_word' id='word_1_231' title='bbox 902 2958 1093 3042; x_wconf 74' lang='lat' dir='ltr'><strong>interpretis.</strong></span> 
     </span>
    </p>
   </div>
   <div class='ocr_carea' id='block_1_7' title="bbox 95 3071 1188 3305">
    <p class='ocr_par' dir='ltr' id='par_1_9' title="bbox 95 3071 1188 3305">
     <span class='ocr_line' id='line_1_31' title="bbox 181 3071 1187 3158; baseline -0.002 -22"><span class='ocrx_word' id='word_1_232' title='bbox 181 3073 220 3136; x_wconf 85' lang='lat'><strong>13</strong></span> <span class='ocrx_word' id='word_1_233' title='bbox 261 3074 353 3157; x_wconf 81' lang='lat' dir='ltr'><strong>ptura</strong></span> <span class='ocrx_word' id='word_1_234' title='bbox 387 3075 522 3158; x_wconf 81' lang='lat' dir='ltr'><strong>ignatius</strong></span> <span class='ocrx_word' id='word_1_235' title='bbox 551 3075 699 3139; x_wconf 86' lang='lat' dir='ltr'><strong>diaconus</strong></span> <span class='ocrx_word' id='word_1_236' title='bbox 727 3074 766 3137; x_wconf 86' lang='lat' dir='ltr'><strong>dc</strong></span> <span class='ocrx_word' id='word_1_237' title='bbox 788 3082 856 3136; x_wconf 84' lang='lat' dir='ltr'><strong>tota</strong></span> <span class='ocrx_word' id='word_1_238' title='bbox 889 3073 947 3134; x_wconf 87' lang='lat' dir='ltr'><strong>hac</strong></span> <span class='ocrx_word' id='word_1_239' title='bbox 977 3071 1187 3156; x_wconf 81' lang='lat' dir='ltr'><strong>disputatione</strong></span> 
     </span>
     <span class='ocr_line' id='line_1_32' title="bbox 95 3156 1188 3305; baseline 0 -87"><span class='ocrx_word' id='word_1_240' title='bbox 95 3157 192 3305; x_wconf 47' lang='grc' dir='ltr'><strong>Ξῖἰαιὸα.</strong></span> <span class='ocrx_word' id='word_1_241' title='bbox 208 3158 379 3241; x_wconf 82' lang='lat' dir='ltr'><strong>Nicephori</strong></span> <span class='ocrx_word' id='word_1_242' title='bbox 402 3161 474 3234; x_wconf 83' lang='lat' dir='ltr'><strong>rita,</strong></span> <span class='ocrx_word' id='word_1_243' title='bbox 496 3159 623 3244; x_wconf 85' lang='lat' dir='ltr'><strong>eiusque</strong></span> <span class='ocrx_word' id='word_1_244' title='bbox 641 3161 723 3221; x_wconf 80' lang='lat' dir='ltr'><strong>exitu</strong></span> <span class='ocrx_word' id='word_1_245' title='bbox 753 3179 790 3219; x_wconf 93' lang='lat' dir='ltr'><strong>ac</strong></span> <span class='ocrx_word' id='word_1_246' title='bbox 806 3156 1023 3242; x_wconf 85' lang='lat' dir='ltr'><strong>persecutione</strong></span> <span class='ocrx_word' id='word_1_247' title='bbox 1043 3156 1188 3220; x_wconf 84' lang='lat' dir='ltr'><strong>ecciesiae</strong></span> 
     </span>
    </p>
   </div>
   <div class='ocr_carea' id='block_1_8' title="bbox 96 3331 1187 3508">
    <p class='ocr_par' dir='ltr' id='par_1_10' title="bbox 96 3331 1187 3508">
     <span class='ocr_line' id='line_1_33' title="bbox 183 3331 1187 3428; baseline -0.002 -26"><span class='ocrx_word' id='word_1_248' title='bbox 183 3337 223 3402; x_wconf 75' lang='lat'><strong>14</strong></span> <span class='ocrx_word' id='word_1_249' title='bbox 262 3339 325 3402; x_wconf 73' lang='lat' dir='ltr'><strong>sois</strong></span> <span class='ocrx_word' id='word_1_250' title='bbox 345 3331 473 3419; x_wconf 74' lang='grc' dir='ltr'>ἔορτῶν]</span> <span class='ocrx_word' id='word_1_251' title='bbox 496 3342 592 3406; x_wconf 87' lang='lat' dir='ltr'><strong>amica</strong></span> <span class='ocrx_word' id='word_1_252' title='bbox 607 3344 730 3406; x_wconf 86' lang='lat' dir='ltr'><strong>auctori</strong></span> <span class='ocrx_word' id='word_1_253' title='bbox 751 3363 827 3406; x_wconf 82' lang='lat' dir='ltr'><strong>vox:</strong></span> <span class='ocrx_word' id='word_1_254' title='bbox 851 3365 912 3428; x_wconf 86' lang='lat' dir='ltr'><strong>qna</strong></span> <span class='ocrx_word' id='word_1_255' title='bbox 934 3341 1051 3426; x_wconf 82' lang='lat' dir='ltr'><strong>ubique</strong></span> <span class='ocrx_word' id='word_1_256' title='bbox 1073 3337 1187 3404; x_wconf 85' lang='lat' dir='ltr'><strong>Christi</strong></span> 
     </span>
     <span class='ocr_line' id='line_1_34' title="bbox 96 3423 412 3508; baseline -0.006 -20"><span class='ocrx_word' id='word_1_257' title='bbox 96 3423 231 3488; x_wconf 84' lang='lat' dir='ltr'><strong>natalem</strong></span> <span class='ocrx_word' id='word_1_258' title='bbox 251 3424 412 3508; x_wconf 79' lang='lat' dir='ltr'><strong>significet.</strong></span> 
     </span>
    </p>
   </div>
   <div class='ocr_carea' id='block_1_9' title="bbox 183 3522 1126 3607">
    <p class='ocr_par' dir='ltr' id='par_1_11' title="bbox 183 3522 1126 3607">
     <span class='ocr_line' id='line_1_35' title="bbox 183 3522 1126 3607; baseline -0.002 -19"><span class='ocrx_word' id='word_1_259' title='bbox 183 3525 222 3590; x_wconf 75' lang='lat'><strong>15</strong></span> <span class='ocrx_word' id='word_1_260' title='bbox 262 3523 424 3607; x_wconf 75' lang='grc' dir='ltr'><strong>σκυλῆναι]</strong></span> <span class='ocrx_word' id='word_1_261' title='bbox 445 3527 568 3588; x_wconf 77' lang='lat' dir='ltr'><strong>vexari.</strong></span> <span class='ocrx_word' id='word_1_262' title='bbox 610 3522 744 3588; x_wconf 81' lang='lat' dir='ltr'><strong>hahetur</strong></span> <span class='ocrx_word' id='word_1_263' title='bbox 766 3549 800 3588; x_wconf 85' lang='lat' dir='ltr'><strong>ca</strong></span> <span class='ocrx_word' id='word_1_264' title='bbox 824 3547 884 3590; x_wconf 83' lang='lat' dir='ltr'><strong>vos</strong></span> <span class='ocrx_word' id='word_1_265' title='bbox 904 3527 979 3588; x_wconf 88' lang='lat' dir='ltr'><strong>Luc.</strong></span> <span class='ocrx_word' id='word_1_266' title='bbox 1001 3523 1020 3586; x_wconf 86' lang='lat'>7</span> <span class='ocrx_word' id='word_1_267' title='bbox 1042 3532 1074 3585; x_wconf 88' lang='lat' dir='ltr'><strong>et</strong></span> <span class='ocrx_word' id='word_1_268' title='bbox 1095 3523 1126 3586; x_wconf 88' lang='lat'><strong>8.</strong></span> 
     </span>
    </p>
   </div>
   <div class='ocr_carea' id='block_1_10' title="bbox 93 3635 1187 4228">
    <p class='ocr_par' dir='ltr' id='par_1_12' title="bbox 93 3635 1187 4228">
     <span class='ocr_line' id='line_1_36' title="bbox 180 3635 1187 3729; baseline 0 -27"><span class='ocrx_word' id='word_1_269' title='bbox 180 3639 220 3703; x_wconf 79' lang='lat'><strong>16</strong></span> <span class='ocrx_word' id='word_1_270' title='bbox 259 3635 402 3721; x_wconf 78' lang='grc' dir='ltr'><strong><em>σταυρόν</em></strong></span> <span class='ocrx_word' id='word_1_271' title='bbox 431 3635 516 3720; x_wconf 79' lang='grc' dir='ltr'><em>ἔχων</em></span> <span class='ocrx_word' id='word_1_272' title='bbox 534 3638 654 3721; x_wconf 72' lang='grc' dir='ltr'><strong><em>εἰκόνα]</em></strong></span> <span class='ocrx_word' id='word_1_273' title='bbox 684 3665 798 3705; x_wconf 83' lang='lat' dir='ltr'><strong>crucem</strong></span> <span class='ocrx_word' id='word_1_274' title='bbox 818 3646 927 3729; x_wconf 81' lang='lat' dir='ltr'><strong>inquo</strong></span> <span class='ocrx_word' id='word_1_275' title='bbox 948 3645 1047 3722; x_wconf 77' lang='lat' dir='ltr'><strong>imago</strong></span> <span class='ocrx_word' id='word_1_276' title='bbox 1067 3641 1187 3725; x_wconf 77' lang='lat' dir='ltr'><strong>depicta</strong></span> 
     </span>
     <span class='ocr_line' id='line_1_37' title="bbox 95 3723 1184 3810; baseline -0.004 -26"><span class='ocrx_word' id='word_1_277' title='bbox 95 3737 186 3800; x_wconf 82' lang='lat' dir='ltr'><strong>essee,</strong></span> <span class='ocrx_word' id='word_1_278' title='bbox 207 3726 290 3788; x_wconf 81' lang='lat' dir='ltr'><strong>forte</strong></span> <span class='ocrx_word' id='word_1_279' title='bbox 316 3725 410 3807; x_wconf 86' lang='lat' dir='ltr'><strong>ipsius</strong></span> <span class='ocrx_word' id='word_1_280' title='bbox 434 3725 548 3787; x_wconf 88' lang='lat' dir='ltr'><strong>Christi</strong></span> <span class='ocrx_word' id='word_1_281' title='bbox 571 3747 607 3787; x_wconf 85' lang='lat' dir='ltr'><strong>cx</strong></span> <span class='ocrx_word' id='word_1_282' title='bbox 628 3749 663 3788; x_wconf 84' lang='lat' dir='ltr'><strong>ea</strong></span> <span class='ocrx_word' id='word_1_283' title='bbox 686 3725 858 3810; x_wconf 82' lang='lat' dir='ltr'><strong>pendentis,</strong></span> <span class='ocrx_word' id='word_1_284' title='bbox 881 3748 975 3810; x_wconf 88' lang='lat' dir='ltr'><strong>quam</strong></span> <span class='ocrx_word' id='word_1_285' title='bbox 997 3726 1093 3806; x_wconf 87' lang='lat' dir='ltr'><strong>ipsam</strong></span> <span class='ocrx_word' id='word_1_286' title='bbox 1116 3723 1184 3784; x_wconf 89' lang='lat' dir='ltr'><strong>ico.</strong></span> 
     </span>
     <span class='ocr_line' id='line_1_38' title="bbox 97 3806 1187 3892; baseline 0.001 -24"><span class='ocrx_word' id='word_1_287' title='bbox 97 3806 252 3870; x_wconf 81' lang='lat' dir='ltr'><strong>nociastac</strong></span> <span class='ocrx_word' id='word_1_288' title='bbox 273 3809 504 3892; x_wconf 86' lang='lat' dir='ltr'><strong>improbabant.</strong></span> <span class='ocrx_word' id='word_1_289' title='bbox 556 3807 669 3870; x_wconf 79' lang='lat' dir='ltr'><strong>nudum</strong></span> <span class='ocrx_word' id='word_1_290' title='bbox 701 3833 825 3872; x_wconf 87' lang='lat' dir='ltr'><strong>crucem</strong></span> <span class='ocrx_word' id='word_1_291' title='bbox 848 3811 993 3872; x_wconf 85' lang='lat' dir='ltr'><strong>hactenus</strong></span> <span class='ocrx_word' id='word_1_292' title='bbox 1027 3809 1048 3868; x_wconf 91' lang='lat' dir='ltr'><strong>ii</strong></span> <span class='ocrx_word' id='word_1_293' title='bbox 1067 3807 1187 3869; x_wconf 85' lang='lat' dir='ltr'><strong>tolera-</strong></span> 
     </span>
     <span class='ocr_line' id='line_1_39' title="bbox 95 3891 1186 3974; baseline 0 -22"><span class='ocrx_word' id='word_1_294' title='bbox 95 3892 185 3970; x_wconf 83' lang='lat' dir='ltr'><strong>bant,</strong></span> <span class='ocrx_word' id='word_1_295' title='bbox 207 3911 244 3952; x_wconf 89' lang='lat' dir='ltr'><strong>eo</strong></span> <span class='ocrx_word' id='word_1_296' title='bbox 265 3893 406 3956; x_wconf 87' lang='lat' dir='ltr'><strong>mitiores</strong></span> <span class='ocrx_word' id='word_1_297' title='bbox 438 3891 536 3954; x_wconf 84' lang='lat' dir='ltr'><strong>nostri</strong></span> <span class='ocrx_word' id='word_1_298' title='bbox 559 3893 627 3954; x_wconf 87' lang='lat' dir='ltr'><strong>aevi</strong></span> <span class='ocrx_word' id='word_1_299' title='bbox 648 3895 802 3972; x_wconf 87' lang='lat' dir='ltr'><strong>sectariis,</strong></span> <span class='ocrx_word' id='word_1_300' title='bbox 826 3915 888 3955; x_wconf 90' lang='lat' dir='ltr'><strong>non</strong></span> <span class='ocrx_word' id='word_1_301' title='bbox 911 3895 954 3954; x_wconf 83' lang='lat' dir='ltr'><strong>ita</strong></span> <span class='ocrx_word' id='word_1_302' title='bbox 976 3913 1055 3974; x_wconf 88' lang='lat' dir='ltr'><strong>quae</strong></span> <span class='ocrx_word' id='word_1_303' title='bbox 1075 3891 1186 3952; x_wconf 87' lang='lat' dir='ltr'><strong>adiun-</strong></span> 
     </span>
     <span class='ocr_line' id='line_1_40' title="bbox 100 3975 1186 4062; baseline 0.002 -28"><span class='ocrx_word' id='word_1_304' title='bbox 100 3983 166 4034; x_wconf 85' lang='lat' dir='ltr'><strong>ctas</strong></span> <span class='ocrx_word' id='word_1_305' title='bbox 186 3976 235 4036; x_wconf 83' lang='lat' dir='ltr'><strong>vsi</strong></span> <span class='ocrx_word' id='word_1_306' title='bbox 259 3977 396 4057; x_wconf 86' lang='lat' dir='ltr'><strong>appictas</strong></span> <span class='ocrx_word' id='word_1_307' title='bbox 423 3976 569 4062; x_wconf 74' lang='lat' dir='ltr'><strong>imagines</strong></span> <span class='ocrx_word' id='word_1_308' title='bbox 590 3977 729 4040; x_wconf 87' lang='lat' dir='ltr'><strong>haberet.</strong></span> <span class='ocrx_word' id='word_1_309' title='bbox 778 3999 903 4040; x_wconf 85' lang='lat' dir='ltr'><strong>crucem</strong></span> <span class='ocrx_word' id='word_1_310' title='bbox 929 3997 1031 4058; x_wconf 88' lang='lat' dir='ltr'><strong>nuper</strong></span> <span class='ocrx_word' id='word_1_311' title='bbox 1054 3975 1186 4057; x_wconf 80' lang='lat' dir='ltr'><strong>ligneam</strong></span> 
     </span>
     <span class='ocr_line' id='line_1_41' title="bbox 93 4059 1186 4146; baseline 0.002 -26"><span class='ocrx_word' id='word_1_312' title='bbox 93 4059 217 4120; x_wconf 76' lang='lat' dir='ltr'><strong>ferento</strong></span> <span class='ocrx_word' id='word_1_313' title='bbox 237 4061 359 4122; x_wconf 84' lang='lat' dir='ltr'><strong>Gracco</strong></span> <span class='ocrx_word' id='word_1_314' title='bbox 380 4059 627 4123; x_wconf 80' lang='lat' dir='ltr'><strong>hiesomonacho</strong></span> <span class='ocrx_word' id='word_1_315' title='bbox 642 4061 715 4140; x_wconf 83' lang='lat' dir='ltr'><strong>vidi,</strong></span> <span class='ocrx_word' id='word_1_316' title='bbox 737 4063 768 4122; x_wconf 92' lang='lat' dir='ltr'><strong>in</strong></span> <span class='ocrx_word' id='word_1_317' title='bbox 792 4084 853 4146; x_wconf 87' lang='lat' dir='ltr'><strong>qna</strong></span> <span class='ocrx_word' id='word_1_318' title='bbox 873 4070 941 4122; x_wconf 85' lang='lat' dir='ltr'><strong>tota</strong></span> <span class='ocrx_word' id='word_1_319' title='bbox 961 4061 1026 4121; x_wconf 83' lang='lat' dir='ltr'><strong>fere</strong></span> <span class='ocrx_word' id='word_1_320' title='bbox 1050 4079 1186 4143; x_wconf 78' lang='lat' dir='ltr'><strong>euange-</strong></span> 
     </span>
     <span class='ocr_line' id='line_1_42' title="bbox 95 4141 1089 4228; baseline -0.003 -22"><span class='ocrx_word' id='word_1_321' title='bbox 95 4143 154 4206; x_wconf 83' lang='lat' dir='ltr'><strong>lica</strong></span> <span class='ocrx_word' id='word_1_322' title='bbox 175 4141 304 4206; x_wconf 82' lang='lat' dir='ltr'><strong>historis</strong></span> <span class='ocrx_word' id='word_1_323' title='bbox 331 4144 432 4206; x_wconf 85' lang='lat' dir='ltr'><strong>subtili</strong></span> <span class='ocrx_word' id='word_1_324' title='bbox 454 4145 525 4206; x_wconf 89' lang='lat' dir='ltr'><strong>satis</strong></span> <span class='ocrx_word' id='word_1_325' title='bbox 541 4145 691 4208; x_wconf 85' lang='lat' dir='ltr'><strong>statuario</strong></span> <span class='ocrx_word' id='word_1_326' title='bbox 713 4165 810 4228; x_wconf 80' lang='lat' dir='ltr'><strong>apere</strong></span> <span class='ocrx_word' id='word_1_327' title='bbox 832 4144 932 4208; x_wconf 77' lang='lat' dir='ltr'><strong>efficta</strong></span> <span class='ocrx_word' id='word_1_328' title='bbox 954 4144 1089 4207; x_wconf 85' lang='lat' dir='ltr'><strong>extabat.</strong></span> 
     </span>
    </p>
   </div>
   <div class='ocr_carea' id='block_1_11' title="bbox 0 0 1388 4602">
    <p class='ocr_par' dir='ltr' id='par_1_13' title="bbox 0 0 1388 4602">
     <span class='ocr_line' id='line_1_43' title="bbox 0 0 1388 4602; baseline 0 0"><span class='ocrx_word' id='word_1_329' title='bbox 0 0 1388 4602; x_wconf 95' lang='lat' dir='ltr'><strong> </strong></span> 
     </span>
    </p>
   </div>
  </div>
 </body>
</html>
