2750 4602
563 271 710 336 NOTAE.
827 369 832 380 Ι
1099 265 1169 334 517

81 447 209 502 caveret
227 437 429 524 subditosque
457 461 475 500 a
496 439 634 502 violenta
660 439 691 499 in
716 439 891 521 principem
913 459 1006 500 mana
1028 438 1173 502 deterre·-

80 533 140 586 ret.
182 522 295 584 Leonis
314 524 507 604 grammatici
533 525 624 600 ratio,
654 531 689 583 nt
711 523 846 584 voluerit
869 521 974 584 ulcisci
994 523 1171 604 principem

80 605 301 668 iconoclastam
328 605 428 668 cidem
458 606 523 688 ipsc
543 606 764 668 addictissimus
796 606 932 682 haeresi,
959 607 1170 682 ieiuniorem,

82 712 155 750 cum
177 709 234 750 neo
266 698 357 772 puter
388 689 466 751 illius
487 691 526 750 ab
556 713 591 752 ea
616 691 813 753 abhorreret.
866 691 976 750 summi
1005 689 1172 774 Theophili

82 771 196 857 rigoris
220 771 289 834 iure
311 772 444 836 dicendo
460 773 598 856 exempla
622 773 713 834 effert
734 772 967 854 plurimumque
989 773 1093 834 laudat
1113 797 1171 834 au-

80 868 153 919 ctor
178 858 328 918 orationis
350 857 516 919 Dominiea
541 857 598 936 τῆς
616 847 835 935 Ὀρθοδοξίας,
864 856 953 916 nobis
977 857 1059 918 edita
1079 859 1169 921 Auet.

81 951 159 1002 tom.
186 941 226 1014 ἲς
249 961 266 1002 e
287 941 398 1022 quibus
419 940 470 1000 hic
492 939 594 1024 aliqua
616 941 713 1002 refert
735 941 799 1000 Leo
821 947 853 999 et
873 939 1005 1021 sugillat.

163 1055 203 1116 25
243 1058 312 1132 μετ’
326 1050 433 1136 ὀλίγον
454 1054 490 1118 δὲ
511 1055 566 1116 καί
576 1051 661 1135 ndu]
684 1053 777 1136 paulo
792 1054 868 1115 haec
883 1054 973 1116 latina
993 1057 1055 1116 Leo
1077 1079 1169 1138 quam

80 1139 286 1200 continuator
307 1149 361 1200 ant
376 1139 532 1200 Cedrenus
555 1140 609 1224 qui
629 1151 732 1202 tamen
754 1139 811 1198 alin
837 1137 955 1199 addunt
976 1141 1054 1200 scitu
1069 1141 1169 1222 digna.

164 1261 205 1324 26
249 1263 323 1324 illud
359 1258 437 1339 μετὰ
468 1259 694 1343 παρακλήσεως
724 1283 877 1344 exponam
899 1284 957 1346 ego
980 1264 1169 1342 obsecrando,

79 1347 167 1408 velut
187 1345 304 1408 scilicet
324 1367 383 1427 pro
406 1347 519 1408 iniuria
544 1346 733 1423 excusando,
756 1349 841 1406 cuius
863 1347 914 1407 ille
934 1347 1086 1408 memoria
1109 1369 1170 1406 no·-

79 1430 176 1490 lnerit
197 1429 299 1491 sedem
322 1429 463 1510 recipere
479 1451 516 1490 ac
527 1429 721 1512 dignitatem,
741 1429 916 1511 Theophilo
931 1431 1054 1492 interim
1071 1434 1169 1492 maio·

80 1514 122 1574 ris
145 1513 290 1574 ecelesiae
312 1514 479 1574 oeconomi
500 1512 635 1574 officinm
657 1513 858 1594 imponente;
882 1535 960 1597 quae
982 1512 1081 1574 officia
1104 1535 1168 1576 non

78 1597 211 1656 minoris
241 1601 331 1656 erant
353 1597 478 1657 Graecis
510 1617 604 1678 quam
624 1617 741 1658 summa
763 1600 826 1678 ipsa
846 1598 1017 1658 sacerdotia
1043 1619 1080 1656 ac
1101 1599 1169 1679 epi.

77 1689 233 1762 scopatur,
257 1683 301 1740 nti
325 1680 390 1741 fere
412 1680 523 1741 nostris
553 1679 747 1741 cardinalitia
775 1681 906 1762 dignitas
929 1689 1022 1762 atque
1043 1701 1169 1762 pnrpu-

79 1783 126 1827 ra.
150 1763 344 1847 ¹glorientur
365 1763 448 1824 enim
471 1764 639 1825 etiamnum
668 1763 774 1826 clerici
794 1765 920 1824 maioris
945 1765 1092 1825 ecclesiae
1113 1787 1169 1825 vc-
1256 1815 1259 1820 .

78 1846 126 1907 lut
151 1857 183 1909 et
202 1847 260 1928 ipsi
282 1847 321 1908 de
341 1846 440 1908 lutere
460 1847 508 1908 aui
530 1847 691 1920 antistitis;
714 1869 806 1930 quem
830 1849 901 1909 ideo
922 1848 1065 1929 proxime
1088 1869 1169 1910 asse-

79 1931 159 1991 ctari
182 1929 323 2010 debeant,
346 1951 382 1991 nc
404 1930 648 2012 provincialibus
670 1932 740 2012 ipsis
764 1932 914 2014 episcopis
936 1932 1071 2012 praeire.
1165 1942 1178 1970 ⁴·

116 2061 122 2070 ·
164 2044 204 2107 97
245 2041 281 2106 ro*
306 2040 477 2128 φολακτόν]
502 2044 653 2130 estquod
674 2046 831 2108 Cedrenus
861 2043 1002 2126 ornnptlv
1023 2045 1167 2128 appellnt.

78 2129 124 2191 sic
148 2129 211 2213 ipse
231 2130 268 2190 P.
294 2132 381 2191 Goar
403 2151 434 2212 p.
456 2131 620 2214 superiori,
645 2127 721 2201 δοὺς
735 2125 771 2190 τό
794 2125 875 2190 idion
899 2127 1069 2211 φυλακτόν.
1090 2151 1168 2214 ptu-

73 2215 149 2298 pria
167 2233 252 2273 cruce
284 2214 409 2274 amuleti
435 2215 499 2276 loco
529 2237 546 2274 e
577 2214 654 2274 eollo
679 2213 829 2296 pendente
850 2217 910 2298 ipsi
938 2215 1068 2274 tradita:
1105 2236 1166 2274 non

78 2297 122 2356 ita
141 2297 221 2358 bene
240 2296 308 2372 hic,
333 2297 450 2358 salumn
479 2297 667 2374 conductum,
696 2296 781 2378 qrrod
812 2317 879 2358 rem
909 2297 1008 2357 minus
1028 2295 1168 2378 explicet.

79 2381 282 2441 continuator
299 2379 369 2442 Vnt.
391 2377 447 2440 arad
467 2376 633 2460 μάρτυρας
654 2378 715 2440 τῶν
736 2377 907 2459 εἰρημένων
926 2377 960 2439 τό
973 2399 1007 2438 τε
1028 2379 1083 2440 τοὺ
1104 2381 1168 2456 βα-

78 2466 193 2536 σιλέως
215 2458 379 2543 ἐγκόλπιον
401 2459 457 2524 aad
475 2461 510 2524 τὸ
531 2457 764 2542 χρυσοβούλιον
788 2461 895 2522 e'deilon
915 2481 1037 2522 aureum
1057 2463 1168 2522 bullum

77 2547 236 2622 contradit,
256 2569 310 2608 scu
330 2545 457 2608 tabellas
478 2547 542 2609 eius
557 2547 656 2628 sigillo
680 2540 852 2628 obsignatas
873 2566 908 2606 ac
928 2566 1021 2604 manu
1036 2545 1169 2606 subscri.
1207 2595 1212 2606 ,

78 2638 159 2711 ptus,
181 2630 291 2712 quibus
316 2650 373 2692 nec
394 2651 532 2714 expressa
555 2631 653 2711 figura
677 2629 777 2688 crucis
800 2628 917 2690 deerat.
961 2627 1045 2689 uliud
1065 2637 1166 2691 tamen

79 2735 117 2774 ac
137 2713 322 2794 peculiarius
340 2709 375 2774 τὸ
398 2708 569 2795 potentin,
590 2707 764 2791 ἐγκόλπιον,
778 2709 921 2789 σταυρὸς,
942 2714 1034 2776 semel
1056 2721 1087 2774 et
1107 2707 1167 2772 ite.

81 2817 152 2858 rum
176 2795 215 2856 nd
244 2797 394 2858 maiorem
422 2797 606 2858 sacramenti
641 2795 818 2876 religionem
838 2795 1013 2876 Theophila
1034 2815 1168 2878 usurpa.

79 2892 155 2940 tum.
199 2880 336 2942 Cretico
356 2881 390 2940 ἐν
408 2881 529 2957 μείζονι
550 2869 681 2962 unffi*
712 2875 1047 2958 renumerandum.
1090 2901 1167 2963 quae

78 2985 140 3038 res,
162 2965 259 3045 sicque
285 2977 378 3047 parta
399 2966 525 3025 victorin
543 2967 639 3040 jecit,
661 2975 691 3022 nt
716 2964 748 3022 in
771 2963 881 3022 ’παίοντ’
904 2985 993 3044 qucum
1007 2965 1093 3048 prius
1113 2965 1170 3024 Ιιο.

78 3066 152 3107 nore
171 3046 334 3108 baberetur.
391 3047 437 3130 “d
463 3049 603 3128 προτέρῳ
635 3040 888 3122 πλεονεκτήματι.
930 3043 982 3105 hic
1006 3045 1089 3108 deest
1109 3067 1168 3109 vox

79 3130 201 3212 aliqum
232 3140 360 3211 putem,
388 3126 567 3200 πεποιθώςε
593 3131 699 3223 priore
719 3129 844 3210 confisus
872 3129 1064 3212 compendiis:
1088 3131 1168 3192 hene

80 3215 234 3275 animatus
257 3233 293 3275 ex
313 3212 470 3295 superiori
489 3213 621 3273 victoria
641 3211 789 3272 Menudlis
812 3213 961 3293 euspicio.

166 3337 207 3400 98
256 3331 445 3419 Zdnerpon]
479 3335 681 3400 continuator
714 3357 750 3398 ac
779 3333 935 3397 Cedrcnus
964 3332 1168 3418 Σαζόπετραν

80 3423 233 3499 scribunt,
260 3423 444 3482 emeremnis
472 3421 626 3502 petriam,
647 3421 733 3480 cuius
756 3420 866 3480 excidii
889 3419 1057 3481 ulciscendi
1079 3441 1168 3482 causa

82 3507 107 3566 is
129 3505 291 3569 Ameriam
314 3505 513 3588 postmodum
534 3503 647 3566 excidit
671 3503 839 3585 Theophili
860 3505 1002 3586 patriam.
1043 3529 1047 3534 ·

163 3621 203 3686 29
246 3615 364 3684 dadrdn
378 3620 437 3682 τοῦ
456 3611 643 3701 ἇμερουμνῆ
662 3619 794 3695 ἐκεῖθεν]
814 3619 1071 3698 obscurnmhoc.
1095 3643 1168 3682 num

82 3699 192 3766 διὰτὸ
214 3701 268 3767 τὸν
290 3699 477 3785 ἅμεροομνῆ
498 3703 639 3765 tactem:
662 3705 761 3764 rechem
782 3717 849 3764 tunc
867 3706 1038 3788 opulentam
1062 3727 1167 3789 aepo-

81 3790 173 3850 tentin
196 3791 328 3868 claram,
349 3809 385 3852 eo
416 3789 497 3874 quod
524 3787 595 3848 inde
614 3787 811 3848 Amet-umnec
838 3787 979 3849 eruendus
1008 3803 1100 3865 θοαῖς
1133 3800 1169 3850 nt

81 3870 293 3948 subaudiatur,
317 3882 372 3935 ant
396 3871 589 3934 desideretur
611 3892 669 3932 vox
693 3866 866 3950 ὁρμᾶσθαι.
889 3873 936 3930 vel
959 3867 1012 3931 dui
1034 3870 1090 3950 τὴν
1112 3873 1168 3932 τοῦ

81 3955 279 4035 Ἀμεροομνῆ
302 3951 422 4018 ἐκεῖθεν
442 3953 591 4034 πατρίδα.
627 3955 709 4038 qnod
727 3967 798 4014 esset
817 3955 881 4014 illic
901 3955 1090 4016 Ammianus
1105 3975 1167 4038 pa·

81 4039 160 4113 trien
181 4059 219 4098 an
244 4039 338 4120 magis
354 4039 452 4101 hictus
476 4038 538 4101 est?
563 4039 683 4121 integre
700 4059 774 4098 vcro
790 4037 929 4099 laudatus
950 4038 1166 4100 continuator:

80 4117 136 4204 τήν
165 4115 373 4200 fulciremur
404 4116 648 4204 ἐκπολιορκήσας
686 4119 823 4202 πατρίδα
855 4115 1075 4202 τυγχάνουσαν
1109 4123 1169 4180 rori
