2776 4612
250 319 305 380 nu
322 312 631 382 rumsstorucs
660 315 690 380 ο
719 299 879 380 saunis
898 314 1044 384 σοντι.
1109 309 1181 380 371

89 463 270 548 βλεπούσας
287 461 322 532 τό
344 469 408 533 sair
428 457 533 533 όπλων
556 457 752 554 όστραπαίον
780 461 855 533 σόει
876 469 1010 552 βροντῆς
1030 467 1183 546 αἰσθομέ-

90 587 149 640 νας
170 567 227 650 τῆς
259 568 293 642 ἐξ
314 566 471 651 α’πειλοόν,
503 566 584 634 ἀλλὰ
611 571 707 632 τοῦτο
736 566 776 632 οδ
808 563 968 654 φρενήρης
984 560 1084 654 Ἄρης
1103 559 1246 632 όλλόλδθ

92 663 175 750 δόρυ
200 663 321 750 ἐνήργει
341 664 532 748 μαινόμενον
559 667 616 732 καὶ
639 666 729 752 ξίφος
750 667 807 736 οόκ
828 667 1037 750 εόδιοὶκριτον.

179 759 329 828 Otium
360 761 398 848 δὴ
430 765 529 831 ταῦτα
558 770 704 850 βροτοῖς·
756 764 968 832 δλειινότατσν
1003 766 1039 832 δὲ
1059 757 1110 829 ότι
1132 763 1188 830 κατ’

65 865 198 948 ὄβρόφη
222 865 399 928 συνέκειντο
430 873 495 940 τοῖς
519 866 727 941 παντοδαπῶς
754 868 914 948 πίπτουσι,
937 861 976 930 τύ
997 869 1057 945 μὲν
1076 889 1188 931 συνικ-

93 957 283 1042 κεντούμενοι
313 970 385 1040 τοῖς
406 960 582 1048 φερούσαις
614 964 776 1049 α’γκόλαις,
799 963 838 1028 τό
863 966 897 1029 δὲ
920 965 964 1052 τῷ
983 966 1189 1050 κατορρόπτε·

93 1065 174 1126 σθαι
205 1058 268 1126 simi
303 1063 396 1136 δδους
427 1055 447 1146 ἢ
475 1065 532 1151 καὶ
557 1059 654 1148 φόνου
683 1065 746 1128 τεόν
765 1060 1008 1148 βασταζόντων,
1029 1061 1070 1128 τό
1091 1065 1189 1128 πλείω

93 1163 131 1226 δὲ
151 1161 486 1244 σογκαταπατοόμενα.
536 1160 556 1248 ἦ
589 1161 651 1245 γόρ
673 1165 731 1227 τού
752 1161 882 1250 φεύγειν
905 1159 1027 1248 όνύγκιγ
1051 1162 1106 1228 καί
1125 1185 1190 1228 τοι-

94 1261 191 1326 σότον
217 1261 344 1346 οἶαλῆγοι
373 1258 470 1346 φόνον
492 1258 676 1348 δτυρόννει,
694 1259 750 1328 τὸν
769 1263 829 1343 μὲν
849 1257 912 1327 ἔσω
932 1263 995 1326 τοόν
1016 1263 1189 1346 ἐκκλησιῶν

50 1361 295 1442 ιδοόθιζομὲνου
324 1364 379 1426 τοῦ
404 1363 486 1425 icosi
516 1364 571 1426 καί
589 1363 629 1450 τῇ
658 1360 850 1446 ουμπιλὴσει
872 1363 1103 1444 δυστυχοῦντος
1122 1375 1189 1441 ψυ-

92 1463 163 1544 χῶν
186 1460 374 1545 ἀπαγωγήν,
408 1459 461 1528 τόν
489 1463 524 1528 δὲ
558 1460 634 1544 περὶ
660 1463 716 1546 τῆς
750 1455 949 1544 ἀκροπόλεως
972 1459 1028 1545 τόν
1056 1459 1189 1544 εἴσοδον,

93 1555 146 1624 ότι
167 1564 337 1642 πολεμικοῦ
358 1559 489 1645 δόρατος
511 1553 577 1624 rivo
593 1561 651 1626 τού
670 1557 752 1626 κατοὶ
771 1556 941 1626 θόλασσοιν
961 1555 1042 1648 ἔρδον
1064 1559 1186 1645 πύργου

93 1661 249 1742 ἀρθέντος
273 1667 338 1735 τοῖς
363 1657 551 1744 α’νιιμόχοις
577 1659 623 1735 εἰς
657 1656 820 1744 σύσσημον
847 1661 907 1726 τού
935 1657 992 1745 τήν
1012 1659 1104 1724 πόλιν
1127 1653 1188 1743 ἤδη

93 1762 392 1842 καταπεπονῆοθαι,
427 1758 471 1834 οδς
501 1756 556 1823 καὶ
598 1751 838 1844 όναρριχᾶοθαι
866 1755 943 1834 τούς
976 1759 1189 1841 βουλομένους

50 1851 234 1942 λδέξωθεν,
269 1857 303 1921 τό
325 1860 385 1938 μὲν
413 1857 500 1922 κότω
529 1866 686 1942 περιεῖναι
715 1855 920 1942 ἀπέγνωστο,
944 1850 1026 1944 η’ραν
1056 1861 1092 1923 δὲ
1112 1853 1189 1934 τούς

93 1953 285 2041 ὀφθαλμούς
306 1954 335 2022 oi
357 1961 484 2032 πλείους
508 1955 552 2034 οἷς
581 1959 628 2032 εἰς
648 1950 708 2043 ὅρη
730 1954 788 2042 τόν
808 1953 987 2043 ἀκρόπολιν,
1008 1955 1088 2023 ἔνθα
1111 1957 1189 2042 βοή-

94 2058 187 2119 θειαν
209 2053 424 2140 ἐκαραδόκουν
445 2057 556 2132 αότοῖς
576 2054 719 2122 ἔσεσθαι.

168 2151 211 2220 Ὃ
230 2157 265 2220 tt
284 2154 424 2236 μάλιστα
447 2153 505 2242 τόν
529 2159 588 2222 τοῦ
601 2161 701 2221 κακοῦ
724 2159 945 2244 πολοφθορόοιν
966 2157 1109 2224 όνταῦθα
1129 2181 1187 2220 κα·

92 2263 236 2338 τηγορεῖ,
268 2257 351 2320 τοῦτ’
372 2249 411 2339 ἦν
442 2249 491 2320 ότι
510 2263 580 2332 ταῖς
599 2265 755 2338 νεκρικαῖς
779 2258 956 2340 θρμωνιάις
986 2259 1043 2322 κατ’
1062 2251 1185 2338 α’λόγων

49 2349 185 2431 λθζτδων
205 2353 358 2437 σοόρευμοι
378 2357 596 2440 πορειὲθειισ.
638 2351 805 2440 όχοορήτου
831 2355 892 2440 γδρ
913 2349 1000 2434 ὄντος
1018 2359 1079 2443 μιᾷ
1100 2351 1184 2441 πύλῃ
1238 2383 1241 2387 ·

94 2453 153 2516 τού
170 2453 415 2535 συνερρευκότος
446 2447 512 2518 οἴνω
533 2457 615 2519 icosi
621 2503 631 2536 ‚
654 2457 708 2519 καί
727 2457 924 2537 βιαζομένων
944 2457 1002 2534 μὲν
1023 2455 1185 2534 παραβύε-

94 2553 176 2616 σθαι
194 2547 276 2616 ιόστε
298 2549 472 2637 σοόζεσθαι,
491 2552 537 2638 μὴ
560 2551 697 2637 ἐχόντων
728 2555 763 2618 δὲ
786 2552 1014 2636 παραδύεσθαι
1035 2547 1184 2634 ἑκάστων,

95 2833 182 2896 tuque
201 2832 312 2893 propter
331 2835 498 2878 senectutem
516 2825 608 2891 orbas,
626 2843 677 2879 neo
697 2833 837 2879 cernentes
854 2840 987 2878 armorum
1004 2824 1186 2894 splendorem,

94 2913 146 2947 nec
167 2911 292 2946 sonorum
319 2897 461 2948 minacium
480 2897 600 2948 tonitrua
620 2898 775 2958 audientes,
797 2896 826 2948 id
854 2895 963 2966 quidem
981 2911 1062 2946 senae
1088 2896 1185 2948 mentis

94 2965 189 3018 Martis
209 2983 265 3018 non
280 2975 345 3029 erat,
364 2965 412 3018 sed
432 2967 523 3018 hastas
542 2966 650 3018 rabidas
669 2977 697 3020 et
720 2967 802 3035 gladii
823 2966 991 3018 insanientis.

166 3035 236 3088 Sans
257 3053 337 3105 quam
356 3035 452 3090 acerba
480 3035 547 3088 haec
567 3038 677 3090 fuerunt
699 3037 870 3103 mortalibus3
891 3036 1093 3088 acerbissimum
1111 3051 1186 3100 vero,

95 3107 171 3178 quod
190 3107 270 3158 etiam
290 3107 408 3160 insontes
432 3109 568 3159 commixti
587 3107 713 3161 iacebant
729 3125 789 3160 cum
807 3108 903 3160 ceteris
922 3107 1024 3178 ubique
1045 3108 1187 3176 pereunti·

95 3177 154 3242 bus,
175 3179 270 3247 partirn
289 3179 403 3247 perfossi
421 3177 493 3230 intes
518 3179 729 3250 amputeneotium
748 3178 874 3244 brachia,
893 3179 992 3249 partim
1012 3195 1026 3228 a
1047 3177 1184 3248 portenti-

94 3245 145 3300 bus
168 3249 240 3300 inter
267 3247 374 3300 caedem
399 3256 564 3301 terroremve
582 3252 704 3320 proiecti,
733 3251 858 3322 piscique
879 3250 950 3302 inter
968 3247 1051 3319 pedes
1072 3247 1185 3298 concui-

95 3319 159 3372 esti.
202 3317 324 3386 fugiendi
352 3327 442 3372 autem
474 3321 618 3372 necessitas
648 3323 727 3372 etism
752 3322 921 3372 incruentam
946 3335 1040 3372 necem
1060 3317 1185 3382 creabat,

95 3391 193 3460 partim
214 3392 243 3441 iu
260 3389 360 3459 templa
378 3391 515 3460 compulsa
534 3399 563 3442 st
576 3400 688 3460 propter
705 3393 840 3459 angustias
858 3393 975 3442 animam
988 3391 1095 3442 efflante
1113 3389 1184 3440 mui-

96 3460 222 3522 titudine,
243 3461 386 3529 partimin
405 3461 479 3513 atiitu
502 3463 586 3524 arcis,
606 3479 697 3532 quum,
722 3462 798 3514 basta
817 3463 910 3514 hostili
930 3479 1009 3532 supra
1026 3459 1184 3512 orientalem

95 3531 130 3582 εδ
148 3548 220 3584 mare
238 3531 333 3582 turrim
360 3531 394 3582 ab
413 3531 571 3584 aduersariis
590 3534 672 3596 slata,
691 3532 765 3604 quod
779 3535 883 3600 siguum
903 3531 1049 3584 exhaustae
1066 3531 1117 3582 ianr
1138 3545 1184 3580 ur-

94 3601 136 3656 bis
156 3610 235 3664 esset,
253 3603 292 3654 ita
311 3610 341 3653 ut
359 3605 440 3654 etium
460 3603 623 3655 extrinsecus
641 3623 729 3656 muros
751 3603 901 3666 scanderet,
917 3605 1073 3672 quicunque
1092 3599 1184 3664 relisi,

94 3681 200 3744 partem
216 3671 289 3724 urbis
309 3673 465 3725 inferiorem
485 3677 585 3726 servari
604 3691 682 3744 posse
707 3675 902 3744 desperaretur,
923 3671 971 3725 sed
986 3673 1080 3724 ocutos
1098 3670 1185 3740 pieri·-

96 3761 151 3813 que
177 3744 207 3794 in
231 3760 316 3796 arcein
344 3754 472 3816 tanquam
503 3746 531 3798 in
556 3755 661 3798 montes
680 3753 883 3808 converterent,
903 3743 976 3796 uude
995 3743 1110 3794 salutern
1129 3741 1183 3793 sibi

94 3817 155 3866 iore
171 3823 320 3881 sperarent.

166 3881 248 3951 Quod
263 3902 326 3937 vero
345 3885 465 3956 inprimis
484 3885 609 3936 miserias
631 3886 810 3937 calamitatem
830 3885 926 3952 arguit,
944 3882 1014 3934 iilud
1033 3889 1088 3946 est,
1109 3880 1184 3951 quod

94 3968 158 4004 curn
179 3969 315 4006 caseorum
339 3955 478 4008 hominum
496 3958 595 4008 acervis
614 3957 693 4011 bruta
711 3956 892 4008 miscebantur
909 3955 1044 4006 animatia.
1082 3953 1184 4006 etenim

94 4039 180 4094 quoru
199 4039 252 4074 una
270 4033 346 4093 ports
364 4043 459 4097 capere
483 4043 539 4080 aon
556 4035 650 4098 posset
671 4025 851 4078 confluentem
869 4025 903 4078 οδ
923 4043 1010 4078 arcera
1030 4025 1184 4078 multitudi-

94 4111 167 4158 nem,
187 4109 333 4165 omnesque
349 4107 490 4166 penetrare
512 4099 671 4160 niterentur,
688 4105 720 4150 ut
730 4105 907 4160 servarentur,
928 4113 977 4148 nec
993 4107 1104 4166 possent
1115 4111 1185 4148 crau·

95 4167 131 4218 eti
152 4166 262 4229 intrare,
282 4173 339 4218 tum
357 4165 462 4236 pedites
481 4175 536 4221 turn
552 4171 667 4240 equites,
687 4169 823 4221 ruentium
836 4167 914 4221 turba
934 4185 949 4220 a
967 4177 1043 4238 tergo
1064 4169 1182 4220 instante
