2750 4602
225 299 296 368 atu
336 281 345 290 ’
470 303 527 366 an
556 303 719 366 saonen
751 300 1058 366 eannnnueun

309 457 346 519 17
388 450 461 519 asise
481 452 764 539 ἑπιδιατάσσομαι]
788 457 851 538 ipsa
867 465 911 517 est
929 455 994 517 aliis
1015 455 1115 516 verbis
1137 456 1241 536 prima
1265 457 1314 516 in-

222 545 436 625 ter-'rogatione
450 544 479 606 S.
493 539 658 621 Nicephori
684 542 841 621 responsio
858 561 888 621 p.
902 539 962 600 437
979 561 988 600 ε
1013 541 1088 600 uiuit
1106 559 1211 599 comem
1232 560 1312 622 qnae

222 637 280 689 etc.
301 648 380 687 nova
400 627 716 688 ordinationenem.
760 625 802 684 sic
823 643 945 705 semper
967 634 1054 684 uetus
1075 621 1147 682 fidas
1171 643 1311 704 unaque.

305 742 342 804 18
396 738 586 824 διεφορήθη]
617 739 732 819 dfflato
770 741 890 804 humore
919 755 971 800 aut
999 740 1152 800 sudoribus
1183 741 1313 801 resotsuo

219 829 363 912 teretesper
381 827 541 887 convaluit.

304 941 340 1004 19
395 937 430 1002 τὸ
450 934 562 1019 napaei]
597 960 659 1000 non
681 940 800 1000 silenter
820 946 944 1020 putens,
967 939 1013 1000 uti
1042 937 1219 1000 redditum:
1247 959 1310 999 nen

218 1027 299 1088 enim
320 1026 361 1086 ita
383 1025 544 1108 peragitur
584 1021 645 1082 uod
666 1023 1010 1082 tumultuariamilitnm
1033 1043 1127 1082 manu
1149 1043 1308 1106 exequen-

217 1109 291 1169 dum
314 1111 498 1169 mandatur:
531 1045 583 1168 scil
611 1107 755 1166 tredendo
779 1113 949 1188 apertaque
969 1106 999 1164 ui
1029 1106 1226 1186 patriarchio
1251 1127 1307 1166 ex.

219 1201 399 1274 portarent,
422 1191 552 1254 necdum
574 1189 690 1250 scilicet
714 1211 772 1270 per
792 1189 1016 1272 aegritudinem
1041 1189 1140 1268 ipsum
1159 1187 1307 1250 incedere

218 1277 377 1338 valentem.
910 1270 925 1306 ⁸
1350 1331 1351 1340 ,

298 1373 337 1435 90
391 1373 568 1436 ἀπέκτεινεν
595 1371 650 1431 καί
686 1365 923 1446 ἐθαλᾰσσωσεν]
952 1374 1103 1432 interemit
1131 1393 1170 1432 ac
1193 1373 1306 1456 pelago
1350 1363 1351 1398 ³

215 1461 327 1538 mersit,
348 1480 381 1519 er
417 1466 552 1538 utroque
574 1455 691 1516 scilicet
719 1453 839 1516 ordine.
891 1453 965 1538 quid
994 1455 1067 1514 velit
1089 1455 1128 1517 de
1150 1457 1306 1518 revocatis

216 1543 353 1604 exulibus
374 1539 535 1601 deficiente
557 1539 664 1600 codice
684 1537 824 1599 divinare
846 1558 907 1600 nou
930 1559 1101 1622 possumus.

300 1665 336 1726 at
380 1659 433 1725 eir
457 1667 567 1746 gelu]
598 1685 660 1724 nno
683 1663 782 1726 verbo
806 1673 919 1726 auctor
941 1684 1109 1748 anonymus
1141 1659 1180 1723 eei
1203 1659 1306 1738 ζωδία

213 1745 270 1810 τοῦ
289 1743 509 1828 ἱπποδρομίαν.
532 1748 702 1810 draconem
716 1746 853 1830 intelligo
874 1745 914 1808 ad
935 1747 1013 1810 circi
1025 1769 1112 1810 mere
1132 1767 1185 1807 seu
1206 1767 1304 1828 aqua-

216 1855 286 1894 rum
306 1832 405 1892 sinum
427 1853 464 1892 ac
487 1833 614 1926 fontem.

297 1939 336 2000 99
379 1933 394 1998 ὁ
413 1935 616 2017 Ἀμορραῖος]
651 1961 714 2002 uon
738 1915 838 2021 placet
859 1959 894 2000 ea
915 1959 985 2012 vox,
1010 1959 1067 2036 nect
1087 1936 1173 2042 guod
1194 1959 1303 1999 emen-

215 2023 332 2098 datum,
358 2017 580 2100 ὁἈμωραῖος.
603 2025 711 2084 melius
731 2023 934 2084 continuator
956 2021 1026 2083 vu.
1050 2041 1065 2080 ο
1087 2023 1120 2094 εξ
1144 2021 1300 2100 Aeaeae.

214 2103 300 2188 qnod
322 2105 426 2165 statim
446 2106 588 2188 sequitur
612 2107 651 2168 de
673 2106 799 2168 remissa
821 2107 971 2187 tantisper
991 2103 1141 2166 Michaele
1164 2105 1301 2184 impera-

214 2198 285 2251 tore
307 2188 437 2251 eroiteta
459 2209 477 2248 a
499 2190 604 2252 Leone
624 2191 859 2271 persecutione,
882 2189 1006 2271 egregie
1029 2189 1161 2272 Ignatins
1184 2187 1215 2247 in
1237 2187 1298 2246 vita
1350 2197 1351 2260 l

214 2273 245 2332 S.
266 2271 433 2354 Nicephori
454 2273 589 2353 exponit,
612 2274 718 2354 quiet
740 2281 882 2336 navatam
901 2272 971 2334 viro
992 2282 1099 2334 sancto
1115 2291 1244 2354 operam
1265 2279 1300 2344 nt
1350 2261 1351 2338 l

213 2354 395 2418 llliclxae'lcm
418 2355 562 2418 eccleciae
590 2355 749 2420 addiceret
776 2355 907 2438 pulchre
928 2354 1087 2432 describit,
1110 2352 1297 2417 deterrendo

215 2440 360 2502 nimirum
391 2441 430 2501 ab
459 2439 578 2502 haeresi
611 2439 777 2503 decessoris
813 2439 964 2521 exemplo,
995 2441 1048 2522 qni
1070 2441 1112 2499 ita
1134 2439 1245 2502 misere
1266 2439 1296 2498 in

214 2523 331 2605 templu
353 2524 450 2584 vitam
469 2524 652 2605 abrupisset.
703 2523 870 2608 quaesitam
901 2526 975 2584 item
995 2521 1138 2584 Michaiili
1161 2511 1298 2602 ἀδιαφο-

214 2606 300 2685 pt'cr,
322 2615 353 2668 et
375 2615 411 2668 ut
430 2607 516 2692 quod
538 2607 630 2670 vellet
649 2609 778 2690 quisque
796 2615 978 2688 sectaretur,
1000 2627 1057 2669 nec
1079 2603 1130 2665 alii
1154 2605 1220 2667 aliis
1242 2604 1297 2666 oh·

214 2689 444 2772 loquerentur,
465 2711 564 2774 eaque
584 2689 696 2752 silentii
717 2690 897 2753 conditione
907 2689 980 2751 Nice
1004 2689 1099 2752 horus
1120 2685 1223 2750 sedem
1246 2709 1298 2748 re-

214 2771 345 2853 ciperet.
397 2795 506 2836 reram
539 2773 614 2835 haec
640 2775 792 2856 tantisper
824 2711 1032 2856 expectanda,
1055 2781 1090 2834 ut
1112 2782 1144 2834 et
1162 2769 1297 2834 laudatas

214 2857 425 2932 continuator,
446 2859 500 2942 qui
524 2856 588 2940 ipse
607 2859 672 2922 fuse
685 2857 888 2942 prosequitur
910 2878 990 2942 quae
1007 2859 1072 2918 Leo
1094 2856 1179 2920 velut
1201 2857 1297 2916 solam
1350 2895 1351 2976 p

215 2960 272 3000 acu
292 2948 391 3002 notat.

298 3037 337 3100 93
381 3031 440 3122 ἀφ’
467 3027 533 3118 ὧν]
565 3041 655 3104 aliter
691 3041 851 3104 emendem
881 3063 974 3125 quam
1006 3040 1174 3122 interpreti
1201 3040 1297 3100 visum

214 3121 347 3206 [omittit
364 3124 522 3208 Gnarus];
544 3125 717 3208 leviorique
738 3147 790 3188 seu
816 3125 918 3207 potins
939 3123 1022 3186 nulla
1044 3124 1226 3198 mutatione,
1245 3119 1298 3182 sed

214 3207 301 3267 unius
327 3207 475 3269 duntaxat
495 3209 649 3286 elementi,
671 3209 756 3290 qnod
778 3209 933 3270 festinanti
955 3209 1078 3271 scribae
1099 3207 1221 3282 excidit,
1242 3226 1297 3266 re-
1350 3277 1351 3284 ἵ

211 3291 388 3364 stitutione,
411 3302 445 3352 ut
469 3288 541 3352 sieri
561 3289 619 3351 τοῦ
648 3287 704 3373 ἀφ’
726 3281 786 3373 ola,
808 3293 848 3353 sit
870 3282 1022 3374 'Apenas
1053 3309 1118 3352 cum
1149 3287 1230 3352 lsased
1252 3291 1298 3348 t'ta
1350 3309 1351 3352 l

207 3373 329 3454 pridem
352 3375 425 3452 Afri
446 3375 482 3435 ob
507 3388 630 3456 peecata
647 3375 772 3460 populi,
797 3397 954 3458 eorumque
973 3377 1026 3458 qni
1045 3395 1144 3436 renem
1162 3375 1297 3458 potiren-
1350 3409 1351 3448 ,

211 3469 261 3520 tur
279 3459 476 3538 impietatem,
495 3461 654 3540 coepissent
671 3481 718 3522 res
742 3459 973 3520 Christianomm
1004 3460 1036 3519 in
1058 3459 1167 3519 hrmrile
1186 3477 1298 3536 eogere,

210 3560 336 3622 ssmeque
358 3539 478 3600 ditionis
486 3543 604 3617 secere.
652 3541 768 3602 dictum
788 3540 849 3601 hoc
872 3541 1072 3603 distinctione
1092 3543 1132 3604 ab
1146 3540 1210 3602 aliis
1222 3543 1299 3600 hra-

210 3621 311 3698 bibus,
333 3625 386 3706 qni
410 3624 533 3705 pridem
553 3625 584 3686 in
607 3624 696 3709 Syria
721 3627 860 3708 Aegypto
882 3645 918 3685 ac
939 3624 1015 3686 locis
1037 3625 1104 3686 aliia
1125 3645 1193 3688 rem
1213 3621 1296 3686 lahe-

209 3707 372 3768 lactassent
393 3707 573 3770 Romanum.
628 3709 785 3770 Cedrenus
812 3709 927 3770 Arabes
957 3709 1111 3790 Hispanos
1132 3718 1225 3770 vocat
1246 3707 1298 3790 qui

210 3788 337 3850 Cretam
358 3799 510 3872 ceperant
531 3791 666 3874 aliasque
686 3791 805 3868 insulas,
830 3791 886 3872 ipsi
903 3791 1050 3854 nimirum
1065 3792 1120 3875 qui
1139 3803 1172 3854 et
1191 3812 1297 3854 conae-

210 3869 325 3962 derunt
345 3873 376 3933 in
399 3873 503 3935 Africa
525 3895 560 3935 ac
584 3884 719 3958 atraque
740 3874 808 3935 luca
830 3875 987 3938 tenebant.

291 3986 331 4046 99
372 3987 635 4068 προσεκαλέσατο]
668 3991 782 4053 isthaec
802 3991 908 4053 eadem
926 3991 1066 4072 pluribus
1097 3989 1298 4051 continuator

211 4067 282 4127 Vat.
320 4077 351 4130 et
380 4091 414 4132 ex
435 4094 472 4133 eo
496 4074 676 4152 Cedrenus;
714 4076 767 4158 qni
789 4075 870 4135 hanc
896 4073 1063 4156 Theophili
1100 4071 1298 4135 severitatem

210 4170 270 4211 non
293 4159 356 4212 tana
378 4153 509 4226 iustitiae
528 4159 593 4219 zelo
616 4158 785 4236 ascribunt,
809 4179 904 4244 quam
925 4167 960 4220 nt
976 4159 1026 4222 ille
1041 4157 1098 4221 sihi
1121 4157 1162 4219 ah
1183 4155 1297 4220 insidiis
