2750 4602
216 232 291 312 492
637 246 887 312 nustaffllus

216 398 324 483 ἐποίει,
344 395 450 473 οιίδοίς
469 395 510 462 da
530 393 642 482 ἐγγύην
661 397 767 462 ἐδίδου
798 395 1075 480 περισωθὴστσθαι
1098 394 1156 461 τόν
1177 387 1315 478 ἅνθρω-

215 519 283 564 οον,
324 495 396 562 a'tt’
422 493 472 561 ότι
490 497 546 561 καί
566 500 632 560 κατ’
664 489 746 560 οἶκον
767 497 894 578 κρυβτίς
914 498 972 558 ουίι
996 491 1063 578 ἔχοι
1084 495 1204 578 σκότον,
1228 493 1315 558 α’λλό

216 596 298 679 πυρί
313 593 549 675 καταλάμποιτο
582 595 732 682 ύπουργρῖ
754 589 776 678 ἦ
796 596 851 658 καί
871 597 971 680 φωτί,
998 597 1107 678 ἕτερος
1123 597 1221 658 τοῦτο
1244 597 1314 656 κίν-

216 695 320 776 δυνος,
339 693 524 776 περιιόντων
544 698 607 761 τοῖν
627 697 817 780 Σαροιιιγνοόν
848 697 903 759 καί
918 692 1047 770 οἵτινες
1065 696 1102 760 δὲ
1124 687 1216 757 ἄλλοι
1241 695 1314 756 κατ’

216 791 332 870 αύτούς
363 795 533 878 κακοῦργοι
554 795 680 877 (πολλοὶ
696 795 732 858 δὲ
752 790 781 856 οἱ
801 795 974 876 τοιοῦτοι),
999 796 1055 858 καί
1073 787 1336 875 α’νακρινόντων5

215 891 252 958 τί
265 895 364 956 auda
388 887 404 956 ό
428 889 650 978 οἰκοδεσπότης
671 895 717 970 είς
736 888 835 956 όιινον
855 890 896 956 ον’
916 895 1145 972 κατακέκλιται,
1168 893 1228 954 κατ’
1250 915 1313 952 κα-

214 985 396 1057 τακλούντων
425 990 483 1069 τός
509 987 632 1075 θύρας,
659 993 715 1056 καί
737 990 954 1075 εἰσπρδώνιων
972 989 1060 1071 ἔσω,
1080 993 1136 1054 καὶ
1156 991 1312 1072 δρώντων

214 1086 276 1156 ὅσα
305 1083 346 1154 όν
375 1089 432 1156 καί
449 1085 512 1156 τίεν
545 1093 749 1172 βουλομένοις
773 1090 892 1166 αὐτοῖς.
947 1088 1061 1172 ἔχομεν
1082 1095 1111 1155 δ’
1132 1093 1235 1156 εἰπεῖν
1251 1095 1312 1156 κατ’

213 1182 258 1264 cic
278 1186 339 1271 ούχ
355 1179 442 1254 οὗτοι
464 1189 556 1271 μόνοι
576 1191 744 1254 ίνιικούντο
781 1186 833 1254 διό
858 1187 1019 1276 πρόφασιν
1039 1187 1076 1252 τό
1100 1194 1166 1276 πῦρ
1187 1194 1247 1254 καί
1266 1187 1305 1254 τό

212 1290 292 1374 ρούς,
310 1285 389 1352 ἄλλό
410 1289 466 1354 κοί
489 1285 519 1353 οἱ
540 1287 768 1374 α’νομπύροοτοι
795 1291 849 1354 κοί
870 1285 1055 1374 α’ρούτιστοι.
1097 1282 1304 1372 ἀνεξέλεγκτα
1316 1311 1346 1362 ιο

208 1385 271 1472 γόρ
294 1389 537 1474 ίπειοφρούντες
564 1385 595 1454 οἱ
612 1390 718 1468 κακοί,
737 1387 793 1454 καί
822 1387 876 1474 τήν
899 1390 996 1454 νύκτα
1020 1390 1098 1454 cinea*
1115 1393 1171 1454 καί
1191 1393 1303 1454 Αἴδου

148 1487 322 1570 maanaim
346 1489 392 1562 εἰς
424 1489 596 1572 ἐπίκρυφον
616 1487 912 1575 α’μφιβοβλρμίνοι,
945 1487 1096 1574 γυναῖκάς
1123 1513 1156 1554 τε
1178 1489 1304 1570 αἰιῆγον

207 1587 269 1650 τοῖν
289 1583 469 1667 συντόνων,
491 1581 639 1672 α’φιὲντις
667 1587 723 1654 τόν
741 1591 799 1652 τοῦ
817 1583 919 1670 γόμου
950 1587 1043 1671 ζυγόν
1061 1585 1242 1672 ἑτεροκλινῆ
1262 1591 1304 1674 τῇ

206 1679 334 1772 ἁρπαγῇ
348 1687 404 1768 τῆς
418 1685 593 1768 δυνάμεως,
615 1681 653 1772 ἣν

204 1805 293 1864 μενοι
315 1782 421 1862 νυκτός
443 1783 642 1872 α’φήρπαζον,
663 1790 720 1852 καί
740 1785 887 1863 νεάνιδας
908 1791 973 1852 τοῖν
994 1789 1204 1872 γειναμένων,
1227 1789 1341 1858 rire-15

206 1889 281 1962 λεῑς,
313 1883 398 1948 καθά
418 1907 464 1959 τις
483 1881 556 1972 ἔφη,
578 1883 635 1960 τός
654 1889 717 1950 ταῖν
746 1883 899 1950 τεκόντων
929 1887 978 1950 εἰτ’
998 1889 1109 1961 αύταῖς
1130 1885 1231 1968 ου’χός
1250 1911 1300 1950 τι.

205 1985 342 2064 θέμενοι.
384 1985 415 2050 τί
433 1985 468 2050 δὲ
487 1983 541 2048 καὶ
559 1983 711 2070 χρήματα
740 1989 920 2070 σοναπῆγον
944 1979 1005 2052 dna
1026 1985 1080 2050 καί
1096 1984 1229 2070 προῖκός
1247 2013 1296 2051 τι.

205 2103 280 2163 νας,
300 2085 336 2146 ἑκ
363 2088 546 2166 περιουσίας
567 2085 657 2148 τουτί
677 2081 713 2148 τό
737 2083 841 2148 κακόν.
892 2077 973 2168 ἦσαν
994 2085 1029 2150 δὲ
1048 2087 1082 2151 οἳ
1097 2087 1153 2148 καί
1172 2087 1296 2171 ἐσφάτ-

204 2203 294 2246 τοντο
313 2181 368 2256 ἐπὶ,
394 2183 455 2246 τοῖν
474 2183 581 2248 οἰκιῶν
600 2187 793 2270 τηνικαῦτα,
815 2183 892 2274 ἡλίιρ
914 2179 1097 2269 ἀμάρτυρον
1116 2183 1215 2250 κακόν
1235 2184 1295 2250 πό-

204 2302 342 2363 σχονιες.
384 2283 440 2346 καί
459 2278 494 2346 τό
515 2275 653 2368 αι”τιονῆ
675 2281 856 2366 νοιιτιλόχος
874 2287 973 2365 μανία
995 2279 1016 2369 ἢ
1036 2280 1087 2348 ότι
1108 2285 1244 2368 ἔξεβύων
1263 2283 1356 2352 οἱοί)Ἰ

205 2380 480 2466 κακουργούμενα.
532 2377 602 2448 ὅσοι
630 2385 666 2447 δὲ
693 2385 756 2450 τοόν
786 2379 959 2469 βαρβάρων
989 2387 1214 2465 ἐπιεικέστεροι
1240 2383 1296 2448 κού

205 2477 430 2564 παιγνὴμονος,
459 2473 545 2548 οὗτοι
574 2484 610 2548 δὲ
636 2480 708 2546 ἀλλ’
729 2480 854 2567 η’γόπων
880 2481 999 2566 θύραις
1018 2482 1219 2562 ἐναλλόμενοι
1241 2481 1296 2546 καί

206 2575 373 2700 κόπτοντος
400 2579 533 2666 ῥάβδοις
554 2579 673 2664 αύτούς,
705 2581 760 2647 καί
782 2577 803 2668 ἢ
824 2579 1006 2668 ῥιπτοῦντος
1028 2583 1084 2646 καί
1101 2583 1147 2656 εἰς
1172 2582 1293 2668 φόρτον

208 2839 260 2896 cta,
280 2831 417 2902 (μισοῖντο,
437 2832 489 2885 nisi
506 2833 544 2886 ita
562 2833 679 2898 iecisset,
697 2851 775 2888 nemo
794 2835 871 2888 illum
890 2835 992 2887 calvum
1012 2833 1071 2886 iore
1089 2832 1224 2904 spondere
1241 2851 1292 2904 po-

207 2909 285 2956 terat.
321 2919 429 2966 verum,
449 2904 520 2958 intra
537 2906 654 2976 parietes
671 2907 736 2958 licet
756 2905 937 2969 absconditus,
955 2907 1008 2958 uici
1027 2907 1055 2956 in
1074 2905 1195 2956 tenebris
1214 2912 1291 2966 οιτον,

174 2987 185 3008 ·
205 2971 253 3026 eed
273 2973 390 3042 igne-ob
407 2991 475 3044 opue
494 2975 607 3046 aliquod
631 2977 799 3030 accendisset
820 2979 863 3030 vel
889 2978 991 3030 lumine
1009 2977 1157 3028 illustraret
1174 2973 1291 3036 domum,

204 3059 402 3096 novumrureue
416 3047 565 3115 periculum
579 3056 644 3112 eret,
666 3047 799 3118 siquidem
814 3049 938 3100 Saraceni
959 3057 987 3100 et
1008 3047 1029 3098 ci
1048 3049 1094 3116 qui
1115 3046 1163 3096 aiii
1183 3046 1291 3098 illorum

204 3115 305 3168 aimilea
326 3113 448 3168 bominee
467 3119 574 3171 aculeati
592 3126 670 3170 erant
687 3119 776 3189 (erant
793 3129 883 3170 autem
901 3121 978 3171 multi
998 3117 1026 3170 id
1045 3120 1159 3186 genus),
1180 3117 1292 3179 circum·

205 3183 282 3238 ibant
309 3193 336 3238 et
362 3187 543 3256 quaerebant,
574 3189 640 3260 quid
662 3189 770 3240 aedium
799 3189 923 3242 dominare
950 3190 1051 3257 negotii
1072 3188 1203 3250 heberet,
1222 3203 1291 3255 quo-

205 3256 294 3308 minue
312 3273 405 3310 aomuo
426 3273 454 3310 ae
479 3259 564 3324 daret,
582 3259 652 3312 sorea
672 3261 864 3328 effringebant,
887 3260 1079 3332 irrumpebant,
1101 3267 1129 3309 et
1148 3255 1290 3316 iaciebant,

206 3343 276 3397 quae
296 3328 361 3398 ipaia
380 3329 508 3398 placeret.
544 3339 626 3399 atque
643 3329 772 3384 affirmare
801 3333 882 3395 licet,
900 3351 954 3384 non
980 3331 1066 3382 solum
1095 3329 1159 3380 illua
1179 3335 1290 3397 propter

206 3397 295 3466 ignem
316 3399 420 3452 eciiicet
439 3407 467 3452 et
485 3401 633 3462 candelam.
653 3401 701 3454 eed
721 3403 801 3455 etiam
820 3421 883 3464 eoa,
902 3403 948 3474 qui
972 3419 1021 3453 nec
1040 3404 1100 3470 igne
1121 3416 1172 3450 nec
1187 3399 1289 3448 lumine

206 3476 356 3534 uterentur,
373 3477 485 3524 ventoa
504 3489 570 3524 esee.
607 3473 677 3524 clam
697 3475 768 3526 enim
789 3474 911 3542 ingreeei,
930 3481 958 3525 et
974 3480 1054 3524 nocte
1068 3481 1196 3540 tanquam
1214 3469 1289 3534 galea

204 3540 327 3594 Plutonia
347 3542 434 3612 operti
453 3549 481 3594 et
498 3543 605 3606 occulti,
624 3551 681 3596 tum
692 3560 789 3597 uxorea
807 3545 935 3596 amaritia
946 3542 1122 3602 divellebant,
1141 3543 1205 3608 iugo
1223 3555 1289 3590 cou-

205 3609 310 3664 nubiali
328 3613 358 3664 in
375 3613 487 3664 alteram
522 3623 604 3666 artem
623 3615 752 3666 inclinato
771 3616 796 3666 vi
815 3616 933 3684 rapinae,
951 3631 1004 3684 qua
1021 3612 1190 3674 auferebant,
1211 3626 1289 3681 quarn

205 3683 321 3818 ittet?
337 3685 368 3806 {i
385 3633 1290 3825 ttiztdssd’tdstjtff’„destiti:,t‘i‘tttttJtt

726 3794 734 3812 0
977 3791 984 3818 i

206 3835 330 3894 auacepta
350 3833 421 3876 vota.
458 3825 544 3878 sicubi
562 3827 634 3878 bona
651 3827 732 3878 simul
752 3825 912 3880 auferebant
932 3827 1008 3896 quani
1027 3843 1076 3895 pro
1095 3823 1169 3884 dote,
1186 3831 1245 3874 erat
1263 3822 1289 3873 id

207 3897 284 3963 quaai
313 3895 449 3965 quoddam
472 3899 617 3949 aucmrium
648 3898 816 3950 calamitatis.
855 3897 963 3948 suerunt
981 3897 1073 3957 etiam,
1095 3896 1143 3966 qui
1165 3893 1193 3944 in
1214 3893 1289 3945 aedi-

206 3961 257 4015 bua
278 3965 333 4016 auia
350 3973 416 4020 tunc
435 3967 639 4031 occiderentur,
656 3968 758 4022 cladem
780 3969 849 4038 paui
869 3985 884 4018 n
902 3969 958 4020 eole
978 3965 1051 4018 baud
1071 3967 1225 4019 lustratam:
1246 3983 1289 4016 cu·

207 4035 250 4086 iua
285 4035 434 4090 atrocitatia
462 4055 541 4090 cauea
573 4047 631 4090 erat
664 4047 795 4092 nocturna
821 4037 924 4100 libido,
961 4047 1009 4090 aut
1041 4036 1116 4108 quaed
1146 4035 1290 4087 exclamac-

207 4111 268 4158 aent
285 4104 383 4158 miseri·
420 4109 467 4179 qui
487 4125 551 4162 vem
572 4126 587 4162 e
608 4107 727 4164 barbaria
746 4107 922 4163 rnodestiorea
950 4116 1027 4162 erant
1045 4117 1073 4162 et
1092 4110 1187 4172 iocoai,
1205 4107 1227 4158 ii
1244 4123 1290 4177 pe-
