2776 4612
251 273 307 338 ΒΕ
323 269 631 340 mssttotttct
649 274 677 338 tt
697 272 855 338 LATlNlS
873 271 1018 342 CAPTA.
1103 267 1177 338 37³

85 419 126 502 asi
156 416 218 504 γάρ
255 412 365 498 ἅλλοις
396 421 525 498 έπέταξι
555 423 761 506 χαλασθῆναι
791 417 851 505 τῆν
876 425 1037 509 κρυφαίαν
1060 425 1178 508 ίκτίνην

85 515 201 604 πάλην,
223 521 382 604 μετέωρον
402 519 542 610 ᾐρμένρν
563 521 598 584 έκ
617 523 773 606 μηχανῆς,
796 521 864 587 ἀλλ’
884 519 981 596 ariade
997 519 1032 598 τί
1057 526 1171 605 τέχνα·

84 642 153 700 σμα
172 616 296 699 σχάσας
315 615 396 683 κατά
430 617 570 704 σπουδὴν
601 614 767 703 κατήνεγκε
787 619 843 685 καί
861 619 938 686 κατά
962 623 1024 686 τῶν
1044 643 1177 704 παρεισ.

85 718 251 797 δαομέναιν
279 721 464 800 συγκλείσας
489 718 678 801 έπαχίδιασε
707 717 781 795 τοάς
809 716 995 806 ὑποτρέχειν
1024 716 1177 803 λαχόντας

60 817 134 890 ὅτίς
154 809 296 900 ὄλεθρον,
316 817 456 906 σφιγιιτρῖ
490 815 617 905 θανάτῳ
638 817 876 902 μετηλλαχότος
901 816 937 882 τά
961 821 1017 903 ζῆν
1040 823 1096 884 καί
1114 841 1177 882 κει-

86 919 202 996 μένους
233 913 356 1000 οίκτράν
388 919 513 1000 θέαμα,
537 920 582 1005 τῷ
600 919 660 998 μέν
682 913 790 999 ἡμίσει
816 920 874 982 τοῦ
893 918 1037 998 στόματος
1058 915 1176 1002 προκά-

87 1037 223 1090 πτοντας
246 1017 300 1080 ius*
318 1011 359 1080 τά
380 1013 475 1097 έντάς,
499 1019 543 1102 τῷ
564 1019 599 1082 di
626 1019 724 1102 λοιπῷ
746 1019 1018 1105 προφαινομένοις
1038 1026 1102 1092 τοῖς
1124 1019 1175 1082 έκ-

86 1111 149 1195 τός,
173 1107 254 1180 ὥστε
276 1116 453 1180 κλαίισθαι.

120 1281 131 1303 x
165 1207 201 1278 ‘0
230 1216 267 1280 di
295 1217 352 1278 καί
371 1215 416 1290 τίς
435 1217 586 1280 τοσοῦτον
604 1208 644 1300 ἦν
673 1216 817 1298 άνδρεΐος
845 1217 986 1282 διολέσαι
1012 1214 1069 1299 τὴν
1101 1209 1176 1300 ὅλην

43 1312 194 1395 mutilas,
221 1311 265 1389 nic
299 1309 366 1394 άμα
396 1336 430 1378 τι
460 1317 519 1380 τοῦ
539 1311 662 1398 πάρχοιι
689 1318 837 1398 γενέσθαι
870 1311 906 1392 ές
930 1313 1177 1398 άπερανίσταται
1223 1301 1245 1386 ,’

85 1417 152 1480 τεάν
173 1416 274 1478 tesan
309 1415 435 1498 πολῶν,
462 1414 518 1476 καί
548 1407 616 1496 άμα
639 1411 691 1479 διά
715 1415 842 1496 σχοίνοα
868 1416 1014 1478 καθεῖναι
1036 1401 1081 1488 τίς
1101 1411 1176 1490 eosic

85 1511 321 1596 ἐπιδραμόντας
343 1514 512 1594 πολεμίους
531 1507 660 1596 ἑαυτόν,
688 1511 826 1578 ἐάσαντα
847 1513 921 1588 τούς
943 1511 997 1576 tal
1016 1514 1075 1576 soii
1095 1509 1176 1596 πάρ-

84 1636 143 1698 χοο
174 1611 370 1696 στρατιώτας
402 1608 475 1676 κενά
503 1613 637 1692 μιλετάν
667 1610 747 1696 έπέρ
769 1613 829 1676 τοῦ
856 1608 1022 1694 έράματος,
1045 1611 1101 1676 καί
1117 1607 1175 1694 τὴν

84 1716 194 1795 τρίβον
213 1710 316 1776 αδτοδ
343 1713 398 1774 καί
426 1707 485 1794 τὴν
508 1719 635 1794 σχοῖνον
659 1712 777 1798 ταύτην
797 1707 977 1796 ἐπαράτους
1000 1707 1142 1793 ε’ξιχνιάζ
1157 1747 1174 1764 -

42 1809 238 1880 15σθαιιιαί
262 1806 481 1900 περιᾴδεσθαι.

166 1909 320 1978 Ἐνταῦθα
346 1909 577 1992 παθαινόμενος
603 1904 785 1995 προάχομαί
803 1931 835 1974 τι
865 1913 1003 1993 λαλῆσαι
1022 1907 1101 1995 πρὸς
1119 1904 1174 1974 τάν

85 2005 205 2097 άνδρα,
240 2011 296 2075 καί
314 2014 477 2076 πυθέσθαι
498 2005 624 2074 nicusi·
670 2009 704 2074 τί
722 2007 845 2092 δήποτε,
867 2002 895 2073 al
913 2013 1055 2092 βέλτιστε
1075 2031 1173 2092 στρα.

83 2111 166 2193 apri,
186 2107 243 2194 riv
270 2107 356 2174 κάτω
383 2107 471 2174 πάλιν
496 2107 750 2174 κατακόπτεοθαι
780 2109 875 2194 α’φείς
904 2111 1010 2192 έχένον
1032 2109 1086 2192 τῆς
1105 2100 1173 2172 cisoa

82 2211 200 2294 μοίρας
221 2208 277 2276 καί
296 2205 440 2274 σανίδων
463 2208 597 2293 έκράβης
628 2209 731 2292 έντὸς,
754 2211 784 2274 es‘
813 2203 894 2273 σάτα
913 2207 996 2290 ταχά
1020 2208 1116 2294 έχρῆν
1136 2227 1174 2271 as

39 2307 140 2378 toxos*
159 2305 262 2392 αιίτῆν
294 2308 425 2394 α’φεῖναι
452 2317 518 2382 τοῖς
543 2311 673 2392 έχθροῖς
701 2304 886 2391 ὑποχείριον
894 2333 906 2390 ,·
936 2302 1173 2392 addiscitis

84 2409 197 2492 άχεννῆ
217 2405 339 2494 φωνήν,
370 2405 428 2490 τὴν
456 2409 515 2472 τοῦ
546 2408 716 2490 έλιιρθῆναί
743 2428 798 2492 us,
819 2409 1037 2492 προέκροιξας,
1056 2396 1175 2490 apiarii

83 2509 138 2572 καί
159 2511 348 2584 καταπνῖξαι
367 2505 440 2584 τούς
460 2508 493 2570 έν
505 2509 543 2592 τῇ
562 2505 643 2594 πάλῃ
668 2507 842 2588 σχεθέντας
858 2507 914 2568 καί
931 2503 1005 2579 τούς
1025 2501 1173 2582 λοιποάςς

83 2607 153 2684 πῶς
172 2608 214 2671 ατί
231 2612 350 2692 γελοῖον
369 2609 553 2692 ιίσδραμεῖν
572 2603 630 2690 τὴν
651 2603 819 2689 άκράπολιν
840 2601 884 2682 ὥς
904 2605 949 2682 τίς
970 2597 1097 2686 άμοναν
1116 2599 1173 2666 καί

84 2866 115 2914 et
132 2860 191 2929 ipse
209 2858 317 2912 caedem
340 2860 457 2923 fecisset,
476 2859 555 2911 morti
573 2857 725 2922 immolstis,
744 2872 812 2928 quos
832 2864 938 2926 tempas
956 2861 985 2907 et
1004 2853 1109 2906 occasio
1128 2853 1172 2906 illi
1203 2899 1206 2905 .

85 2931 238 2984 obtulisset.
273 2948 362 3002 neque
388 2933 459 2983 enisn
484 2931 551 2982 alios
577 2931 708 2981 occultam
741 2929 816 2979 illam
841 2936 962 2998 portam,
990 2941 1023 2976 ex
1047 2923 1172 2976 machina

85 3002 201 3123 puadasn
219 3019 373 3072 suspensam
393 3003 497 3054 solvere
515 3002 647 3062 iusserat,
667 2999 713 3052 ssd
735 2999 811 3068 ipse,
835 2997 1049 3048 anachinasneuto
1071 2997 1172 3056 soluto,

99 3075 246 3125 estinanter
273 3089 332 3124 eam
352 3073 474 3134 demisit,
498 3079 542 3131 et,
568 3072 643 3140 quasi
675 3071 798 3138 decipula
823 3077 932 3136 captos,
962 3065 1097 3137 perdidit,
1124 3065 1172 3136 qui

85 3145 220 3196 intrarent
246 3161 328 3212 quum
352 3145 482 3205 maxime,
514 3140 727 3206 strangulatione
756 3148 879 3190 enecatos
905 3147 946 3199 et,
974 3137 1119 3188 miserabili
1142 3151 1174 3188 sc

85 3214 170 3266 flebili
188 3215 360 3285 spectaculo,
376 3229 487 3285 corpore
506 3211 619 3264 dimidio
639 3213 725 3275 intra,
744 3210 858 3262 dimidio
886 3217 960 3260 extra
979 3209 1080 3260 valvam
1107 3222 1173 3278 pro·

87 3293 218 3408 lectoill-st
238 3363 327 3406 antem
353 3355 401 3406 ille
425 3353 459 3406 sd
480 3349 645 3425 perdendam
675 3357 758 3402 totam
781 3347 874 3400 urbem
903 3349 941 3400 ita
969 3348 1098 3409 eximius,
1125 3353 1172 3409 ut,

85 3445 167 3498 qnam
193 3428 222 3478 in
245 3428 354 3488 turrim,
380 3443 450 3496 quae
482 3433 562 3495 supra
593 3423 667 3474 illam
695 3429 798 3490 portam
831 3427 963 3470 exstructa
991 3427 1047 3480 est,
1078 3433 1173 3486 perse-

84 3499 188 3562 nisset‚
207 3497 298 3549 statim
327 3513 375 3566 per
393 3496 484 3548 sanein
511 3495 544 3547 ad
570 3492 726 3544 obsidentes
756 3491 846 3542 hostes
871 3506 899 3542 se
917 3489 1085 3548 demitteret,
1107 3487 1172 3539 reli·

86 3569 152 3633 ctis,
170 3569 216 3638 qui
238 3570 266 3619 iss
294 3568 361 3620 turri
379 3577 471 3630 erant,
491 3565 638 3625 militibus,
658 3564 704 3633 qui
729 3559 914 3632 nequidquam
934 3557 1117 3610 defendebant
1142 3556 1171 3610 id

86 3641 327 3710 propugnaculum,
347 3646 375 3691 et
391 3640 513 3690 semitam
532 3638 605 3688 illam
629 3643 658 3686 et
676 3635 767 3684 lunam
786 3631 974 3684 detestabilem
998 3627 1169 3680 insectaban-

86 3719 132 3764 lur
160 3710 383 3762 execrationibus.

157 3781 209 3831 llic
225 3783 277 3832 iam
296 3783 366 3833 inter
383 3777 603 3829 lamentationem
621 3791 706 3825 meam
727 3774 814 3824 iacere
832 3789 887 3822 non
906 3785 1022 3840 possam,
1040 3767 1115 3840 quin,
1133 3767 1169 3818 sd

85 3849 222 3902 bominem
236 3854 315 3902 istum
326 3865 477 3910 conversus,
489 3863 628 3916 quaeram:
646 3853 712 3895 “cur
725 3841 843 3904 tandem,
864 3843 918 3892 dux
935 3839 1090 3900 bellissime,
1101 3839 1169 3890 urbe

86 3921 216 3973 inferiore
236 3921 361 3988 perniciei
379 3919 493 3980 tradita,
519 3919 547 3968 in
575 3923 678 3986 partem
700 3923 727 3966 te
745 3915 907 3982 superiorem
929 3911 1051 3978 recepisti
1069 3917 1169 3962 ettam

86 3990 250 4056 festinanter
266 3992 338 4042 intus
355 3990 491 4052 abdidisti,
509 3990 531 4040 si
553 3987 590 4038 ita
608 3987 661 4038 cito
674 3985 745 4034 illam
766 3999 875 4053 quoque
894 3983 921 4032 in
941 3997 1034 4032 manus
1051 3979 1170 4032 hostium

87 4061 236 4114 traditurus
253 4061 333 4112 eras?
380 4071 426 4112 aut
445 4079 491 4112 cur
516 4058 740 4112 infamemistam
760 4071 866 4114 vocem,
889 4071 943 4122 qua
962 4052 1171 4104 misecicordiam

87 4130 238 4202 flagitabas,
256 4147 313 4185 non
333 4133 455 4198 emisisti,
471 4131 626 4202 priusquam
644 4127 672 4191 ii,
691 4127 737 4198 qui
755 4135 831 4198 porta
849 4124 969 4197 oppressi
986 4129 1058 4186 suat,
1080 4131 1109 4175 at
1127 4139 1172 4174 ee·
