2736 4624
194 305 243 384 et
483 284 659 396 [seems
689 279 978 393 emanueles]

192 469 323 549 Καίσαρ
347 466 383 528 δέ
404 461 576 546 ἐπεκλήθη,
600 458 619 525 ὃ
646 463 768 544 λέγεται
791 455 949 544 α’νατομὴ,
978 453 1026 524 ὅτι
1046 456 1206 541 θανούσης
1227 461 1289 542 κη”ς

190 563 309 651 ’μητρός
327 563 430 628 edred
448 563 483 626 ἐν
500 564 543 650 rqi
563 563 678 648 ἐννάτερ
711 559 789 644 μηνί
803 558 917 643 ταάτην
938 555 1144 638 ἀνατεμόντες
1166 554 1286 642 ἐξὴγα.

189 689 245 750 γον
264 664 371 729 αάτόν.
426 653 516 735 οὗτος
544 663 601 724 καί
624 657 778 742 δικτάτωρ
808 655 945 744 ἐκλήθη,
972 653 988 720 ό
1012 659 1080 721 ἐστι
1097 655 1284 741 μσνόρχηςτ

188 763 377 847 ἐικτατωρία
398 765 434 827 dd
454 763 539 827 ἐστιν
557 757 641 842 άρχῆ
664 755 889 834 άννπεόθυνσς.
943 757 1185 839 μετωνόμασται
1206 759 1243 822 δέ
1265 757 1286 820 ό

188 860 455 946 ἐπονομαζόμενος
477 863 659 934 Κυιντιλιος
677 856 740 942 μην
768 857 902 932 Ἰοόλιος
923 855 977 924 διά
999 859 1160 941 Καίσαρα,
1183 855 1226 931 σός
1247 859 1318 932 ἐνῇ

186 965 286 1052 τούτῳ
323 963 425 1027 ariensi
457 957 726 1044 μοναρχήσαντος.
778 955 794 1023 ὁ
826 956 924 1033 edric
957 956 1092 1033 Ἰούλιος
1120 957 1285 1040 μεγίστοις

188 1065 290 1147 άγάσι
312 1065 343 1128 Γ
341 1058 496 1146 ερμανοός
516 1061 571 1123 καί
591 1057 736 1132 Γάλλους
757 1059 814 1121 καί
831 1054 1010 1140 Βρετανοός
1031 1057 1281 1139 χειρωσάμενος,

187 1160 374 1248 ὑποφόρους
385 1167 451 1234 τοϊς
468 1159 638 1240 Ῥωμαίοις
659 1161 866 1232 πεντακοσίας
890 1159 997 1233 πόλεις
1018 1156 1203 1236 οίκουμένας
1221 1179 1283 1220 κα.

187 1259 366 1346 τεστὴσατο.
408 1259 510 1347 τούτῳ
531 1259 647 1341 ἐτέχθη
668 1259 761 1332 innoc
780 1256 853 1322 άντί
872 1256 969 1338 distic
986 1253 1089 1340 χηλάς
1109 1254 1201 1342 ἔχων,
1225 1258 1286 1321 καί

187 1363 310 1446 μηόένα
332 1357 438 1442 ἕτερον
459 1353 619 1441 ἀναβάτην
640 1355 810 1438 δεχόμενος
832 1349 853 1440 ἢ
873 1352 978 1439 αὐτόν,
997 1354 1041 1430 σός
1064 1351 1081 1417 ό
1107 1353 1282 1442 Βονκεφά-
1295 1377 1339 1430 10

187 1467 246 1536 λας
267 1458 323 1525 τόν
338 1454 565 1542 Ἀλέξανδρον.
605 1453 707 1544 κου’τηι
727 1456 872 1537 μέλλοντί
883 1478 957 1520 ποτε
969 1451 1027 1538 τὴν
1051 1445 1179 1520 αόλειον
1198 1457 1283 1534 ἐξιό-

188 1585 242 1626 ναι
262 1559 368 1642 θόρον
378 1559 582 1646 ἀπερχομένη
603 1558 657 1621 ἐντί
675 1557 709 1620 τὸ
730 1553 956 1638 βουλευτήριον
976 1555 1069 1620 εἶπάν
1090 1557 1194 1621 adrev*
1216 1557 1281 1642 πρό

187 1663 251 1727 τάν
283 1661 391 1741 θυράν
423 1651 544 1722 ἑστῶσα
580 1657 765 1736 ανίομάτως
796 1659 961 1740 κατέπεσε,
990 1653 1047 1720 καί
1072 1655 1152 1740 πρός
1182 1654 1282 1746 τσότιρ

179 1777 183 1790 ·
186 1757 307 1845 χάρτην
328 1759 417 1846 αάτρῖ
435 1780 483 1832 τις
502 1757 657 1821 ἐπέδωκεν
678 1751 789 1838 ἔχοντα
810 1759 917 1820 πάσαν
937 1754 1004 1838 τὴν
1016 1759 1082 1820 κατ’
1104 1755 1205 1822 αὐτοῦ
1224 1779 1281 1838 με.

190 1861 365 1942 λετωμίνην
385 1855 576 1940 ἐπιβουλήν·
624 1859 682 1919 καί
707 1859 838 1937 νομίσας
865 1848 942 1920 άλλο
972 1879 1002 1919 τι
1028 1851 1129 1942 εἶναι,
1158 1856 1214 1920 καί
1232 1855 1279 1940 μη
1294 1875 1336 1930 15

190 1955 333 2040 ἐντυχών
353 1955 434 2020 άλλά
457 1954 602 2031 δεδωκάς
623 1951 718 2044 ἑτέρῳ
740 1955 920 2040 φυλάττειν,
942 1953 1065 2042 ἐσφάγη
1088 1954 1148 2020 simi
1172 1953 1281 2042 Βροά-

189 2080 246 2124 του
266 2059 322 2122 καί
340 2059 487 2122 Κασσίου
513 2058 548 2121 ἐν
567 2059 613 2145 sqi
629 2055 854 2142 βουλευτηρίῳ.

569 2241 711 2313 Ὀκτάβιος
732 2239 906 2313 Αὔγουστος.

267 2375 427 2460 Ὀκτάβιος
445 2369 630 2460 Αὔγουστος
653 2381 781 2460 Καίσαρ
802 2377 1004 2458 ἐβασίλευσεν
1027 2375 1079 2462 ἐτη
1099 2375 1164 2452 νς’·
1221 2378 1334 2464 α’φὨο

191 2469 231 2542 ori
253 2469 436 2560 Λόγουστοι
466 2475 498 2542 oi
512 2477 678 2557 Ῥωμαίων
707 2481 847 2560 βασιλεῖς
870 2477 925 2540 καί
957 2471 974 2538 ό
1003 2475 1067 2559 μην
1094 2471 1281 2561 Αόγουστος

191 2575 330 2663 ἐκλήθη,
355 2573 373 2641 ό
393 2581 463 2643 ἐστι
484 2579 663 2663 Σεβαστός,
686 2579 840 2656 Σεξτιλιος
862 2577 936 2662 πρίν
960 2575 1198 2660 ὀνομαζόμενος.
1240 2583 1282 2666 τῇ

261 2763 288 2814 d·
305 2767 440 2836 μέγιστος
456 2761 477 2815 C

191 2941 233 2984 est
252 2931 383 2984 Caesari.
403 2949 427 2984 e.
455 2931 597 2994 dissectio,
616 2931 680 3002 quia
701 2939 807 2984 mortua
829 2937 914 2984 matrs
932 2931 990 2983 eius
1010 2947 1087 2986 nonu,
1102 2949 1203 2997 mense,
1221 2947 1281 2986 eam

192 3003 354 3054 dissecantes
375 3021 435 3054 eum
457 3005 636 3072 protulerunt.
676 3001 763 3054 dictus
780 3009 821 3053 est
840 3003 914 3054 idem
935 3001 1059 3068 dictator,
1079 3001 1107 3060 h.
1127 3020 1152 3056 ε.
1169 3020 1283 3058 usmar-

192 3073 272 3140 σίτοις
294 3073 427 3126 dictatura
445 3085 535 3125 aretem
561 3083 602 3126 est
627 3091 759 3125 summum
784 3075 934 3144 imperium.
981 3075 1135 3128 nominatus
1164 3083 1205 3126 est
1233 3077 1282 3146 qui

191 3155 271 3214 antea
290 3145 431 3196 dicebatur
455 3145 587 3215 Quintilis
605 3145 719 3208 mensis,
738 3145 833 3208 lulius,
853 3145 972 3197 Caesaris
990 3146 1084 3214 gratia,
1102 3145 1231 3216 quoniam
1248 3163 1283 3198 eo

192 3234 302 3284 regnum
328 3215 442 3284 adeptus
459 3225 508 3268 est.
551 3215 623 3266 idem
649 3217 734 3270 lulius
760 3217 883 3268 maximis
912 3217 1104 3270 certaminibus
1131 3217 1282 3269 Germanos

191 3287 285 3340 Gallos
318 3295 346 3338 et
367 3287 508 3338 Britannos
534 3285 644 3350 devicit,
664 3297 692 3340 et
710 3285 762 3340 500
787 3286 867 3339 urbes
886 3289 1009 3340 Romanis
1028 3287 1185 3342 tributsriss
1205 3287 1281 3341 lecit.

190 3357 253 3408 huie
271 3364 350 3409 natus
370 3365 411 3409 est
428 3375 535 3428 equus,
553 3361 601 3426 qui
619 3375 667 3426 pro
686 3357 780 3410 solidis
799 3357 907 3427 ungulis
928 3359 1026 3412 bifidas
1047 3359 1176 3420 habebat,
1190 3377 1283 3428 neque

191 3446 353 3498 quemquam
372 3437 479 3497 praeter
507 3429 594 3498 ipsum
616 3431 734 3497 equitem
753 3431 907 3500 patiebatur
930 3431 1009 3482 sicuti
1030 3429 1176 3482 Alexandri
1194 3433 1281 3482 Buce-

190 3499 295 3566 plsalns.
333 3499 438 3552 exituro
457 3498 593 3570 quondam
612 3499 725 3552 Caesare
752 3517 786 3552 ex
807 3499 935 3552 vestibuli
958 3509 1044 3570 porta,
1063 3510 1091 3553 et
1107 3503 1137 3552 in
1158 3509 1282 3552 senatum

183 3571 273 3632 ituro,
291 3571 462 3622 simulacrum
480 3569 546 3634 eius,
565 3569 639 3640 quod
658 3580 721 3624 ante
741 3573 842 3624 ostium
865 3569 963 3631 stabnt,
980 3571 1112 3638 coneidit;
1132 3589 1187 3641 quo
1208 3571 1281 3624 laeto

190 3640 270 3692 houm
291 3641 398 3710 quidam
418 3641 538 3694 chartam
561 3643 585 3692 ei
606 3639 699 3704 dedit,
724 3659 778 3712 qua
799 3659 892 3694 omnes
909 3651 1002 3694 eontra
1027 3659 1088 3694 eum
1106 3645 1173 3696 inite
1191 3643 1283 3694 consi-

190 3712 227 3762 lia
245 3712 471 3778 continebantnr;
504 3714 600 3764 Caesar
631 3721 703 3765 ratus
727 3712 801 3764 aliud
820 3711 975 3784 quidesse,
993 3731 1049 3766 non
1067 3715 1185 3783 inspexit
1203 3713 1283 3766 elsar-

190 3789 254 3843 taus,
271 3783 318 3834 sed
337 3781 412 3836 dedit
440 3782 547 3836 cuidam
567 3783 773 3852 asservantem,
792 3792 820 3836 et
837 3800 852 3834 a
870 3785 951 3841 Bruto
972 3793 1000 3838 et
1019 3785 1110 3839 Cassio
1133 3786 1163 3838 in
1182 3793 1281 3838 senatu

189 3861 298 3904 necatus
320 3861 369 3906 est.

586 3999 719 4051 Ocravsus
732 3999 878 4052 Αυατιετιιε.

257 4115 384 4167 Octavius
404 4117 538 4187 Assgustus
557 4117 653 4170 Caesar
671 4117 706 4171 56
719 4135 803 4170 annos
821 4120 952 4188 regnarit,
973 4135 1060 4188 aquo
1080 4120 1191 4187 Augusti
1212 4119 1280 4172 dicti

190 4192 253 4238 suut
272 4187 450 4240 Rornanorum
471 4205 556 4258 reges,
578 4199 605 4242 et
621 4191 720 4242 mensis
740 4190 876 4256 Augustus
894 4191 912 4242 i.
924 4207 949 4246 e.
967 4189 1145 4255 venerandus,
1164 4191 1211 4261 qui
1230 4207 1279 4242 au·
