2750 4602
64 1276 420 1374 LEONIS
493 1205 1148 1384 ΘΒΑΜΜΑΤΪΟΙ

191 1525 315 1602 vnis
350 1525 663 1605 nacnnnonun
695 1491 1015 1609 rnrnnnronnn

200 1743 249 1808 Fr.
271 1743 433 1808 Fnsncrsor
457 1743 606 1810 Cossuran
630 1743 751 1808 Ordinis
770 1709 1010 1814 Praedicatoi'um

367 1909 621 1994 Congregationis
640 1913 669 1976 S.
692 1913 853 1992 ludovici,

363 2098 825 2194 NOTAE.

465 2307 737 2320 u——an-——n———u

55 2449 184 2539 Leonis
208 2477 413 2539 Grammatici
440 2499 477 2537 sn
513 2483 594 2538 estet
617 2485 853 2538 monumentum
888 2477 972 2539 uliud
1006 2488 1061 2540 aut
1081 2503 1150 2542 me-

58 2561 174 2636 moria,
192 2582 241 2622 me
264 2563 349 2622 latet.
392 2562 483 2622 fuisse
504 2581 575 2622 eum
595 2581 763 2642 supparem
785 2560 843 2622 iltis
865 2581 1002 2643 quornm
1027 2583 1073 2625 res
1094 2585 1152 2646 ge-

57 2657 119 2708 stas
141 2655 325 2726 prosecutus
348 2653 415 2718 est,
451 2645 514 2726 ipsa
536 2643 724 2725 subscriptio
758 2644 841 2706 ctare
860 2643 986 2706 indicat.
1029 2669 1103 2708 num
1127 2649 1151 2708 is

59 2732 127 2810 ipse
146 2729 186 2790 sit
210 2729 295 2788 cuius
316 2728 455 2790 meminit
469 2727 627 2788 Cedrenus
641 2729 731 2788 initio
750 2727 907 2804 historiae,
922 2729 1019 2791 Λέων
1042 2719 1151 2792 otta-

55 2811 142 2894 ρίας,
164 2811 346 2874 coniectura
368 2833 431 2872 non
456 2811 529 2872 levis
553 2811 658 2888 inerit,
682 2833 753 2872 curn
774 2813 875 2894 ipsum
888 2813 1150 2894 Leonis'ncmen,

57 2905 128 2956 tum
151 2895 238 2978 quod
260 2897 320 2958 etin
343 2917 379 2956 ac
396 2893 548 2976 tantisper
571 2895 740 2956 recentiori
755 2916 850 2956 manu
870 2895 1044 2958 subiectum
1068 2907 1151 2960 extnt

58 2979 105 3040 iili
129 2979 351 3060 subscriptioni
375 2979 406 3038 in
432 2981 507 3061 Reg.
529 2979 600 3041 cod.
623 2977 719 3040 Λέων
740 2975 894 3056 πρόεδρος
915 2975 970 3040 καὶ
989 2977 1065 3053 ooo}
1086 2982 1151 3046 coir

57 3063 278 3141 κιβυραιωτῶν
303 3057 321 3122 ὅ
344 3057 571 3141 Τζικάνδαλος,
594 3062 649 3121 unt
671 3059 782 3132 οἰκεῖος
802 3049 971 3140 ἅνθρωπος
989 3063 1051 3124 τοῦ
1073 3085 1149 3144 κρα-

54 3145 154 3208 ταιοῦ
177 3141 232 3206 καὶ
259 3143 384 3223 πρῶτον
417 3141 506 3224 ἡμῶν
524 3143 690 3222 βασιλέως.
746 3143 901 3206 adiectum
923 3145 1004 3208 enim
1026 3143 1087 3208 hoc
1110 3149 1149 3210 ed

56 3237 223 3291 auctorem
237 3226 456 3311 duiguandum
469 3227 527 3288 sibi
549 3229 617 3310 quis
635 3227 724 3288 facite
737 3227 932 3308 persuadeat.
957 3229 1073 3312 Cibyra
1086 3229 1149 3291 Pii.

55 3311 112 3375 nio
126 3313 236 3376 Cariae
256 3320 310 3388 est,
333 3310 389 3372 etsi
404 3309 641 3394 oliisPhrygioe,
664 3319 834 3394 quaesunt
855 3313 996 3396 regiones
1019 3311 1148 3376 vicinae.

54 3405 90 3459 at
110 3418 185 3457 num
205 3395 299 3479 magis
321 3391 401 3454 istud
412 3393 563 3456 Vaticano
586 3415 622 3454 ac
635 3394 808 3456 Burberino
832 3395 1046 3458 continuatori
1068 3415 1148 3456 auo.*

54 3502 153 3564 nymo
175 3481 351 3552 conveniet,
372 3499 465 3560 quem
484 3475 681 3541 etCedrenns
701 3478 872 3562 praecipue
893 3489 966 3560 post
979 3477 1148 3561 Theopha-

54 3584 131 3626 nem
152 3565 302 3648 subtegit,
334 3562 461 3624 haereo.
515 3563 537 3623 is
569 3583 702 3645 nomque
730 3583 804 3623 vere
823 3563 1031 3644 imperatoris,
1052 3573 1148 3647 atque

55 3647 92 3708 id
112 3648 218 3728 primi,
254 3645 412 3710 familiaris
437 3645 504 3721 fnit,
529 3646 574 3706 nti
597 3645 696 3742 liquet
717 3665 751 3706 ex
776 3645 952 3726 prooemio,
976 3665 1040 3730 quo
1061 3665 1147 3710 susm

55 3729 103 3791 ilii
129 3729 287 3794 historiam
320 3751 356 3791 co
391 3729 601 3791 recentiorum
636 3739 862 3810 imperatorum
894 3729 973 3790 vitas
993 3729 1146 3807 inscribit,

55 3833 172 3895 nempe
193 3814 408 3888 Constantino,
434 3811 488 3896 qni
511 3821 542 3874 et
564 3813 681 3893 primns
707 3811 888 3892 imperator,
911 3813 967 3873 etsi
988 3833 1059 3873 enm
1079 3813 1145 3873 no.
1248 3828 1251 3836 ·

54 3897 217 3958 mnnuseb
240 3918 277 3959 eo
294 3899 468 3980 imperator
489 3896 623 3958 adtectus
644 3893 742 3991 gradu
764 3894 929 3974 deiecerat,
949 3896 1146 3980 primumque

52 3983 122 4064 ipse
154 3981 257 4042 locum
288 4003 323 4041 ac
346 3979 499 4065 gerendae
528 3977 716 4061 reipublicae
751 3978 969 4040 auctoritatem
996 4000 1145 4042 sommam

54 4074 274 4146 usurpaverat,
293 4087 329 4124 ec
348 4075 475 4146 praeter
496 4063 621 4126 titulum
645 4062 693 4121 vix
714 4060 796 4122 atiud
817 4061 904 4144 qood
924 4062 964 4123 sit
980 4064 1145 4126 maiestatis

53 4148 263 4212 Constantino
287 4147 467 4232 reliquerat.
510 4159 541 4209 at
564 4145 640 4208 nibil
656 4155 740 4208 vetat
761 4145 849 4206 inisse
870 4147 1085 4226 Constnntiuo,
1109 4158 1144 4208 ut

162 4273 215 4326 Leo
237 4273 443 4327 Grammaticos.
961 4267 995 4322 33
1020 4331 1023 4338 ,
