2776 4612
239 279 312 357 σοι
417 255 423 270 ’
657 281 907 346 nosnannrus

239 443 445 516 άπολείσθαι,
474 437 503 500 εἰ
530 431 574 517 μὴ
596 432 639 522 τῷ
660 433 762 519 μικρῷ
789 430 843 494 καί
864 427 1052 516 α’γυμνάστφ
1071 429 1199 516 ’Ategua
1219 428 1258 494 τά
1282 429 1329 506 εἰς

177 545 400 624 γςθβασιλείαν
426 533 479 600 τόν
504 528 706 616 Ἀνδρόνικον
726 527 977 610 συνδσάσοσσιν,
1006 522 1043 592 oi
1063 533 1148 610 μάλα
1167 531 1329 610 deduceri-
1373 611 1374 614 Ἴ

238 663 289 708 νον
309 638 363 702 καί
385 634 423 702 τά
458 637 504 708 οἷς
534 628 683 706 τοιαύτας
712 633 842 713 τέχνας,
863 623 985 695 οἷόντε
1007 622 1080 694 όντσ
1100 631 1328 715 συνδιαφέρειν
1373 625 1374 640 ’

237 743 342 826 ε’κείνιγ
373 735 428 800 τόν
450 729 612 816 βασίλειον
631 727 740 812 ζυγόν,
763 731 821 810 οόχ
835 721 916 792 ῶστε
937 726 1001 810 μὴν
1021 725 1077 790 καί
1095 737 1327 812 καταρριπτεΐν,
1373 723 1374 766 i

236 837 316 904 άλλά
339 833 394 902 καί
410 825 732 915 μάλισταῶπανίχειν
756 831 810 892 καί
835 824 893 910 τήν
912 827 1033 890 ἐκείνου
1053 827 1239 908 μεγαλύνειν
1252 837 1349 908 cpe-t

235 937 370 1022 κρότρτα
392 934 536 1019 κοινωνίᾳ
556 931 615 1007 μὲν
630 927 718 1008 α’ξίας
738 929 825 1007 μιάς,
854 925 996 1013 δπιρσχῇ
1019 923 1170 1018 δὲικόσοον
1189 925 1248 991 καί
1268 924 1329 990 πό-

235 1059 308 1116 νισν,
330 1027 376 1109 οἷς
414 1031 430 1094 ό
461 1025 660 1113 Ἀνδρόνικος
677 1025 796 1092 εἴθιστο
826 1019 936 1110 άδδνγν,
959 1023 1171 1100 πολυπλάνοις
1190 1023 1328 1100 πλάναις
1373 1065 1374 1068 =

236 1131 312 1199 κατά
344 1129 398 1198 τόν
434 1127 561 1196 εἰπόντα
585 1129 853 1210 γεγυμνασμένος,
874 1119 1003 1209 ἤγειραν
1026 1123 1083 1187 σόν
1102 1124 1227 1207 ὀλίγους
1247 1124 1328 1190 oiva-
1373 1207 1374 1222 ¹

234 1236 404 1318 πεισθῆναι
436 1229 541 1314 όρθῶς
574 1225 698 1291 α’κσόειν
726 1227 782 1288 καί
810 1226 1085 1309 διαθερμανθῆναι
1112 1223 1159 1299 εἰς
1180 1225 1328 1300 σ’ξάνυσιν
1373 1287 1374 1292 ,

236 1335 295 1395 sori
314 1330 483 1412 συνάρχειν
503 1327 673 1406 βασιλικῶς
691 1323 747 1388 τόν
767 1345 800 1387 τε
831 1323 970 1400 Ἀλίξιον
990 1321 1042 1386 τόν
1062 1345 1094 1384 τε
1115 1320 1325 1407 Ἀνδρόνικον.
1337 1345 1362 1396 10

234 1432 289 1493 καί
308 1426 365 1514 τήν
395 1426 499 1510 α’ρχὴν
526 1429 585 1506 μὲν
605 1423 853 1506 όαεψιθυριζττσ
885 1421 988 1505 η’ρέμα
1009 1419 1042 1487 τό
1065 1424 1221 1508 σόφισμα,
1241 1423 1324 1504 μετά

235 1531 270 1593 δὲ
291 1531 449 1606 ὲλαλεῖισ,
478 1521 592 1608 μικρόν
616 1525 651 1586 δὲ
675 1519 748 1586 όσον
776 1523 831 1584 καί
847 1521 993 1603 ε’ξεβσοῑτο
1015 1525 1229 1606 τρανίστερον.
1272 1520 1328 1584 καί

234 1626 300 1692 ἔδει
322 1623 430 1691 λοιπόν
450 1626 600 1710 ἐμφανῶς
621 1623 840 1708 προκληθῆναι
860 1619 906 1695 τίς
924 1617 982 1702 τὴν
1004 1619 1107 1704 άρχήν
1125 1619 1179 1684 τόν
1193 1619 1327 1704 Ἀνδρό-

236 1751 340 1811 νικον,
372 1729 426 1789 καί
447 1727 478 1790 εί
497 1723 541 1808 μὴ
565 1727 717 1801 πείθοιτο,
743 1718 823 1786 α’λλά
850 1719 922 1784 τότε
943 1721 1195 1804 δοσωπηθῆναι·
1240 1723 1272 1784 εί
1289 1723 1327 1786 δὲ

235 1828 316 1910 μηδὲ
345 1821 428 1889 aiem
453 1823 666 1888 κατακλίνοιτο
693 1817 812 1893 άτενῶς
830 1817 931 1902 ἔχων,
952 1822 1144 1902 πειραθῆναι
1166 1823 1223 1886 καί
1240 1825 1326 1904 βίας,
1337 1840 1361 1890 15

235 1923 290 1988 καί
311 1919 439 1987 κάλλιόν
460 1945 557 2006 φασιν
582 1914 618 1984 όν
639 1923 753 1984 παθεῖν
783 1923 897 1984 ἐκεῖνον
920 1916 938 1982 ii
958 1917 1002 2003 μὴ
1024 1917 1186 2000 βούλεται,
1205 1917 1241 1985 τό
1262 1924 1325 2001 βα-

234 2026 380 2088 σιλεόσαι
407 2017 543 2105 δηλαδή,
572 2011 650 2103 ἤπερ
679 2019 843 2096 ἐξολέσθαι
870 2016 908 2083 τά
933 2017 1076 2099 νιοσμικά.
1127 2017 1183 2083 καί
1199 2015 1327 2104 ότανρί-
1373 2099 1374 2106 ,

236 2124 342 2202 ζονται
370 2123 427 2200 μὲν
455 2121 499 2192 είς
520 2119 609 2184 τοῦτο
640 2119 751 2184 πολλοί
779 2119 841 2183 τῶν
867 2121 925 2182 τοῦ
952 2120 1048 2197 tuot,
1068 2122 1268 2204 συνεπιρρέει
1288 2121 1326 2184 δὲ
1373 2119 1374 2160 i

234 2221 279 2309 τῷ
302 2222 436 2284 uiridem
458 2215 559 2305 τοότιρ
584 2221 638 2281 καί
659 2213 813 2300 σι’πόρρσιά
833 2240 880 2292 τις
908 2220 972 2282 τῶν
1000 2222 1056 2302 τῆς
1077 2215 1265 2302 συγκλήτου,
1284 2221 1325 2283 ου’
1373 2209 1374 2220 ¹

236 2317 334 2403 πολλὴ
361 2321 441 2400 uix,
464 2318 684 2401 ἑαίρρητοςδὲ
707 2320 762 2382 καί
789 2313 879 2382 τσῦιό
901 2339 936 2398 γε
957 2312 1033 2399 ἡμῖν
1053 2315 1240 2402 α’πόρρνγτσς.
1285 2322 1374 2390 σῶμα

236 2416 297 2504 γάρ
319 2419 424 2492 άπλῶς
443 2411 627 2504 άφωσιοότσ
648 2411 728 2500 αὕτη
748 2415 806 2501 τὴν
826 2415 904 2480 κατά
933 2421 990 2480 τοῦ
1008 2421 1164 2499 βασιλέως
1185 2420 1324 2498 Ἀλεξίου
1373 2399 1374 2462 Ῑ

239 2520 419 2603 νειοτίρισιν
445 2515 523 2582 κατά
551 2515 646 2600 χάριν
664 2515 884 2600 Ἀνδρονίκου,
907 2515 977 2580 ἀλλ’
997 2516 1074 2582 niuei
1093 2523 1146 2584 καί
1164 2529 1325 2604 μεμηνυῖα

239 2616 398 2700 βυσσόθεν
417 2619 548 2683 ι’κσιιιῖτο
569 2613 625 2680 καί
642 2613 698 2680 τόν
719 2615 914 2699 Ἀνδρόνικον
934 2619 1145 2699 συνεξέμαιντ.

240 2869 306 2924 tuus,
323 2861 376 2912 nisi
395 2875 475 2929 parvo
495 2869 523 2913 et
541 2861 666 2932 imperito
686 2861 779 2914 Alexio
798 2862 902 2932 imperii
920 2861 1019 2914 socium
1037 2861 1169 2916 adderent
1189 2863 1324 2916 Androni·
1373 2891 1374 2910 ι

241 2949 310 2993 cum,
328 2931 413 2981 sirum
434 2948 523 2983 earum
537 2933 633 2984 artium
645 2932 859 2996 scientissimum,
878 2941 906 2986 et
918 2933 1042 2985 idoneum
1062 2933 1175 2986 ferendo
1192 2951 1253 2986 euna
1275 2935 1326 2986 iiio
1373 2939 1374 2998 3

238 3001 305 3070 'iugo
327 3003 443 3070 imperii,
461 3005 519 3054 non‘
535 3005 588 3066 ita,
613 3011 642 3054 ut
661 3002 791 3055 deiiceret
809 3004 838 3054 id
856 3021 932 3068 naue,
953 3003 1000 3056 sed
1017 3007 1162 3057 sustineret
1180 3009 1327 3074 praeclare,

244 3079 272 3124 et
290 3074 476 3124 auctoritatem
496 3072 607 3126 adderet
618 3074 691 3125 iiiios
704 3075 845 3142 exiguitati
864 3083 921 3126 tuus
938 3074 1056 3128 eiusdem
1074 3078 1263 3128 communione
1282 3075 1327 3127 di-

243 3144 362 3212 gnitstis,
380 3152 436 3196 tum
454 3144 613 3196 defensione
630 3159 815 3197 aerumnarum
828 3153 856 3196 et
868 3145 998 3210 laborum,
1019 3145 1116 3215 quibus
1127 3145 1161 3198 sd
1174 3149 1328 3198 satietatem
1373 3171 1374 3174 ¹

245 3222 366 3266 assuetus
378 3223 455 3277 esset,
465 3216 538 3283 vagis
551 3215 672 3278 iactatus,
686 3223 715 3268 ut
726 3217 773 3267 iiie
784 3215 831 3279 ait,
844 3215 993 3268 erroribusz
1006 3219 1073 3268 tuiis
1087 3219 1166 3284 igitur
1178 3216 1329 3270 dictitando

247 3285 398 3341 excitarunt
410 3283 482 3337 haud
501 3303 608 3354 pancos,
629 3295 659 3338 ut
675 3303 729 3338 non
749 3295 856 3356 gravate
867 3285 935 3338 iilud
953 3284 1077 3340 audirent
1088 3287 1269 3360 arderentque
1282 3305 1331 3340 cu·

247 3355 361 3424 piditate
379 3355 513 3425 partiendi
533 3357 605 3408 inter
624 3357 804 3410 Andronicum
827 3365 855 3409 et
872 3357 995 3410 Aisxiunr
1018 3359 1131 3427 imperii.
1168 3367 1253 3429 atque
1273 3360 1330 3411 iai-

247 3427 285 3478 tio
304 3425 412 3496 quidem
440 3427 612 3478 susurrabant
637 3427 735 3480 leniter
755 3427 887 3489 fraudem,
914 3427 1013 3480 deinde
1040 3429 1208 3482 sermonibus
1240 3431 1332 3500 agita·

246 3497 321 3558 bant,
338 3513 400 3548 mox
419 3505 510 3580 aperte
528 3497 709 3550 clamitabant.
745 3498 863 3552 debebat
879 3499 932 3548 iarn
952 3499 1039 3568 palens
1059 3499 1094 3552 ed
1114 3501 1258 3571 imperium
1280 3517 1330 3552 τσ-

247 3567 301 3620 ceri
323 3567 511 3631 Andromene,
534 3577 579 3630 et,
601 3569 623 3618 si
648 3585 703 3620 noa
727 3569 935 3638 obsequeretur,
955 3577 1018 3621 tum
1041 3587 1105 3622 vern
1132 3571 1259 3639 precibus
1284 3589 1331 3622 ur-

248 3638 321 3705 geri,
350 3639 372 3689 si
398 3655 433 3690 ne
461 3639 498 3688 sic
521 3637 632 3709 quidem
657 3648 825 3702 moveretur,
851 3640 899 3690 sed
927 3641 1062 3694 resisteret
1082 3642 1277 3762 pertinacius,
1307 3643 1331 3692 ri

248 3709 387 3778 compelli:
417 3709 517 3778 quippe
547 3717 682 3779 praestare
708 3711 797 3772 siunt,
824 3711 881 3779 peti
907 3709 1000 3776 ilium,
1025 3727 1080 3781 quo
1116 3712 1219 3776 nollet,
1242 3713 1333 3782 irnpe-

250 3779 318 3829 riurn
342 3779 463 3837 scilicet.
491 3795 571 3850 quam
596 3781 683 3848 perire
701 3779 839 3832 muudum.
884 3783 1018 3834 sociantur
1040 3781 1075 3834 erl
1097 3781 1166 3836 bees
1187 3784 1269 3836 multi
1298 3785 1338 3834 de·

248 3847 342 3915 plebe,
366 3848 414 3900 sed
440 3849 573 3919 abripitur
600 3868 632 3902 eo
655 3851 763 3902 flumine
790 3853 870 3904 etiam
895 3859 1049 3904 senatorum
1073 3869 1143 3921 pars,
1160 3871 1216 3906 non
1238 3869 1333 3922 magua

249 3917 356 3984 quidem
374 3921 430 3978 iiia.
449 3919 516 3982 sed,
533 3919 625 3972 toedet
644 3922 750 3984 dicere,
767 3923 882 3974 infamis.
919 3937 1010 3992 neque
1033 3925 1104 3976 enirn
1122 3923 1252 3978 detestati
1270 3933 1334 3976 sunt
1373 3913 1374 3972 i

251 3995 371 4054 suscepte
400 3989 525 4042 sdversus
552 3991 739 4061 imperatorem
763 3994 885 4044 Aiexium
912 3993 941 4042 iu
960 3993 1109 4048 Andronici
1130 3995 1243 4063 gratiam
1269 4011 1335 4046 con-

250 4055 319 4116 silia,
337 4057 384 4106 sed
406 4059 486 4110 eriam
506 4061 582 4128 quasi
602 4063 691 4116 iurare
710 4065 781 4116 intus
800 4065 853 4118 acti
870 4063 1031 4118 aestuabant
1048 4074 1076 4118 et
1088 4066 1118 4119 ia
1136 4065 1254 4120 iuroresn
1271 4065 1337 4117 sdi-

250 4122 349 4190 gebsnt
366 4127 554 4182 Andronicum.
