2750 4602
234 231 287 296 nt
305 229 612 299 messmoutct
629 227 658 296 A
675 227 833 298 LATINIS
852 227 997 298 cmt.
1096 225 1173 302 505

79 379 314 462 όποκαταβόσει
336 384 393 467 τῆς
414 384 565 466 πολεμίου
586 385 745 466 στρατιάς,
762 378 802 465 ῆν
822 380 851 446 οἱ
872 385 982 460 δεξιός
998 385 1172 469 patresa-

81 501 133 555 τες
153 481 229 564 ἡμῖν
248 487 382 548 Λατῖνοι
403 480 551 566 (πολλοὺς
570 480 632 567 γάρ
654 477 852 566 ὑπηγόμεθα,
874 481 1172 566 πραγματευόμενοι

81 580 122 644 τά
151 583 187 642 ἐκ
216 583 296 645 θεοῦ
307 585 320 665 )
343 581 569 662 ε’ξεκάλυπταν,
599 578 679 662 ὑπὲρ
713 579 901 664 ὀγδοήκοντα
920 579 1070 666 χιλιάδας
1092 584 1173 661 nst*

83 681 244 744 ἐπελθεῖν·
296 671 340 745 ὧν
368 683 466 762 χίλιοι
500 683 559 760 μὲν
577 679 724 756 πεντάκις
746 682 913 764 φερέγγυον
933 683 1172 768 ἑμορτυρσόυτο

55 775 214 850 sicariam
244 773 326 844 εἶναι
360 780 550 862 πεντήκοντα
571 779 695 862 χιλιάσι
712 775 903 859 Ῥωμαϊκαῖς
932 781 1073 846 ε’ναντιάι
1092 781 1171 848 κατόι

83 876 142 960 τῆν
163 881 289 944 iratior
309 875 404 959 δόξαν
423 881 647 962 α’ντιόραμεῖν,
667 883 729 946 τοῖν
750 881 788 943 δὲ
808 884 924 944 λοιπῶν
945 878 973 945 ot
995 883 1054 962 μὲν
1074 879 1172 947 ἱππο-

84 973 213 1056 τοξόται
232 971 323 1061 ῆσαν,
344 975 374 1042 ot
392 979 429 1042 δὲ
449 980 591 1062 ψιλῆται,
615 978 670 1044 καί
693 971 795 1054 άλλως
818 980 855 1042 at
872 983 947 1060 μεθ’
966 973 1070 1044 όπλιον
1089 979 1172 1065 χρῆ·

84 1098 184 1158 σιμσι.
232 1078 447 1162 συνεπλήρουν
467 1081 503 1142 δὲ
522 1077 576 1143 τόν
596 1076 695 1152 πσλόν,
707 1082 741 1144 ἐν
756 1079 864 1154 αότσῖς
878 1077 1018 1162 α’ριθμόν
1038 1077 1094 1144 καό
1114 1077 1170 1144 όν-

86 1177 171 1260 όρες,
194 1173 285 1262 φασί,
306 1179 366 1242 soci
387 1177 519 1263 ρἰζόκου,
540 1178 620 1261 μῆτε
633 1177 745 1262 διόρια
758 1176 906 1260 λαχόντες
927 1181 1040 1244 ἐκεῖνον
1059 1181 1094 1244 ἐκ
1113 1183 1171 1244 τοῦ

37 1289 77 1342 10
87 1274 182 1362 ῥῆγός
201 1277 277 1359 μήθ’
299 1275 488 1360 ὑπόσχεσιν,
511 1276 818 1362 ἐπακολουθήσαντες
837 1280 873 1342 tt
895 1279 939 1366 ττῆ
957 1279 1056 1366 λσιπεῆ
1075 1303 1173 1362 στρα.

85 1379 140 1460 τῷ,
162 1372 268 1449 εἴποις
291 1379 352 1440 τῶν
367 1373 466 1459 ἔργων
478 1375 700 1459 συναιρόμενοι
720 1377 808 1442 τότόκ
827 1373 928 1462 τάχης
946 1371 1070 1461 εόροιεν
1091 1377 1172 1460 όχα.

86 1476 143 1538 ee.
185 1471 239 1536 καί
257 1477 399 1538 τοσοῦτοι
419 1477 478 1552 μὲν
501 1473 536 1539 τό
558 1473 660 1556 πεζόν,
681 1474 717 1540 τό
737 1477 774 1540 δὲ
791 1473 937 1540 ναυτικόν
958 1513 1000 1528 -
1020 1479 1090 1540 ἀλλ’
1110 1476 1173 1540 αό-

85 1574 136 1636 τοί
159 1574 248 1655 δῆλοι
268 1577 334 1636 κατ’
355 1571 495 1656 ἀριθμόν
513 1571 568 1638 τόν
589 1571 669 1658 ὑπὲρ
685 1574 848 1651 διακοσίας
867 1577 954 1661 νεόόν,
977 1571 1036 1640 σόν
1050 1598 1084 1658 ys
1104 1582 1173 1654 acic

85 1677 259 1756 πειραταῖς,
284 1674 318 1736 οἳ
332 1675 388 1735 καὶ
406 1675 498 1738 αότοό
515 1675 616 1758 μηδὲν
644 1673 773 1761 ῥηγικόυ
793 1673 918 1758 ἔχοντες
936 1675 1035 1760 τόχης
1056 1673 1174 1758 όοόραις

34 1789 76 1842 15
86 1775 263 1854 ἐπέτρεψαν
284 1767 435 1849 ἑαυτούς·
477 1770 537 1860 ὑφ’
556 1766 601 1840 οἷν
620 1773 701 1841 κατά
721 1779 821 1860 χῆντε
840 1774 896 1842 κατ’
913 1776 1081 1842 θάλασσαν
1101 1795 1172 1840 πιε.

85 1871 211 1938 σάντων
243 1871 328 1956 ἡμᾶς
351 1872 555 1959 όξεθλόβῆμεν
573 1877 628 1960 τῆς
660 1877 742 1960 ζωῆς
763 1877 818 1941 καό
837 1873 868 1940 οἱ
888 1881 947 1958 μὲν
968 1871 1094 1964 θανάτῳ
1114 1899 1172 1940 κα-

85 1971 322 2058 τεσπάσθημεν,
345 1971 375 2038 οἱ
395 1975 449 2054 δέ,
482 1981 540 2038 τοῦ
562 1975 668 2040 Αἴδου
688 1973 722 2040 τό
745 1971 846 2056 στόμα
866 1977 1103 2059 συγκλείσαντας
1125 1965 1173 2050 οἷς

86 2063 176 2152 οἶμαι
198 2070 371 2158 κεκόροστα,
395 2069 567 2156 ἡμιθνῆτες
588 2077 765 2155 ἐμείναμεν.

187 2166 272 2236 Ἀλλ’
303 2174 446 2238 ἐνταῦθα
473 2175 738 2257 παραβεβηκότες
765 2179 840 2240 καθ’
866 2171 1007 2256 ι’στορόας
1036 2174 1172 2256 ἀνάγκην

35 2267 362 2354 ηθόναόραμσόμεθα
396 2272 475 2355 πρός
494 2273 608 2354 μικρόν
629 2267 744 2354 αὖθις,
765 2276 900 2356 ἐκφῆναι
920 2273 954 2338 τό
980 2272 1035 2337 καί
1054 2296 1174 2356 πτωχι-

87 2368 142 2434 κόν
161 2374 217 2436 καί
236 2371 388 2452 ότιόπαχυ
416 2375 477 2438 τεόν
504 2377 724 2453 κατακλυσμοῦ
756 2371 843 2456 δίκην
864 2375 1115 2456 παρασυράντιον
1133 2369 1172 2437 τό

86 2469 248 2535 πολιτικά·
302 2469 335 2535 οἵ
361 2469 399 2537 τά
426 2473 485 2554 μὲν
513 2474 604 2554 τόμια
625 2469 756 2556 ἐόῆόονς
782 2469 836 2536 καό
866 2471 909 2546 οἷς
942 2464 994 2537 οἷα
1013 2472 1174 2557 βρεφικιός

91 2765 161 2816 citus
183 2762 313 2828 hostilis,
343 2767 418 2818 cuius
438 2781 577 2818 numerum
592 2765 681 2820 Latini
703 2765 829 2836 φιλότατι,
848 2781 962 2834 quorum
979 2763 1076 2816 callide
1096 2763 1175 2816 nobis

90 2835 233 2886 amicitiam
255 2836 490 2888 conciliaveramus
509 2837 619 2907 (multos
644 2837 714 2888 enim
737 2836 766 2887 in
786 2843 994 2906 partesnostraa
1016 2835 1175 2904 pellicieba-

91 2921 150 2956 mus
171 2905 204 2958 de
225 2907 302 2959 rebus
321 2907 419 2959 divinis
441 2907 624 2981 disputando),
652 2907 732 2959 nobis
755 2905 940 2976 prodiderunt,
959 2908 1095 2974 octogiuta
1115 2908 1175 2977 pius

89 2975 176 3027 millia
186 2978 301 3029 militum
315 2987 384 3029 terra
397 2978 552 3030 arlt'cnisse:
575 2997 588 3029 e
603 2979 709 3050 quibus,
729 2979 873 3049 quinquies
891 2979 966 3030 mille
981 2979 1045 3029 iusti
1060 2979 1175 3029 nominis

89 3049 197 3118 equites
210 3065 267 3098 esse
278 3048 453 3112 affirmabant,
471 3051 650 3120 quinquagies
661 3049 736 3100 tuille
748 3051 872 3100 Romanis
885 3067 916 3101 ex
933 3051 1052 3119 ipsorum
1065 3047 1176 3118 quidem

89 3118 224 3170 sententia
245 3136 339 3188 pares;
371 3121 469 3190 reliqui
495 3123 595 3242 partim
622 3121 726 3192 equites
753 3119 895 3186 sagittarii,
920 3121 1016 3189 partim
1036 3120 1090 3170 sive
1109 3119 1176 3170 levia

88 3191 145 3240 sivo
165 3191 250 3256 gravis
275 3198 425 3242 armaturae
450 3192 555 3261 petites
583 3199 668 3243 eraut.
712 3191 826 3243 aderaut
845 3197 951 3254 nartem,
970 3191 1017 3260 qui
1040 3191 1176 3257 ingentem

88 3261 198 3312 illorum
224 3277 363 3312 numerum
392 3263 578 3332 complebant,
604 3263 684 3314 etiam
702 3263 761 3324 viri,
788 3271 819 3312 ut
838 3261 940 3324 dicunt,
958 3260 1041 3322 rizici,
1061 3277 1106 3328 qur
1126 3277 1176 3310 ue·

89 3349 142 3402 que
161 3333 298 3400 stipendia
317 3349 332 3382 a
351 3349 412 3400 rege
429 3350 480 3384 nec
505 3335 632 3403 promissa
661 3331 839 3402 accipiebant,
858 3331 904 3382 seri
924 3333 1056 3402 reliquum
1075 3331 1178 3381 exerci-

89 3409 146 3454 tum
166 3403 381 3466 comitabantur,
402 3405 424 3454 si
442 3405 511 3456 sorte
530 3403 582 3454 sibi
601 3421 687 3455 rerum
706 3405 783 3455 sociis
804 3403 911 3455 fortuna
930 3401 1034 3473 aliquid
1053 3401 1175 3452 oblatura

90 3481 168 3524 esset.
191 3483 274 3543 atque
294 3472 361 3526 haec
381 3473 489 3544 quidem
509 3475 602 3544 copiae
623 3483 758 3526 terrestres
777 3481 861 3526 erant.
899 3475 988 3525 classis
1008 3480 1097 3524 autem
1120 3488 1176 3520 rna-

88 3543 188 3594 nisesto
208 3543 355 3596 excedebat
372 3561 512 3597 numerum
538 3547 645 3596 navium
665 3545 859 3606 ducentarum,
873 3561 932 3595 cum
953 3545 1047 3612 piratis
1066 3541 1176 3612 quidem

89 3615 138 3682 qui
157 3623 184 3666 et
203 3617 254 3684 ipsi
276 3617 309 3668 sti
332 3615 441 3668 enriium
460 3617 562 3684 regium
588 3633 642 3666 uon
661 3616 819 3676 merebant,
839 3615 886 3666 sed
907 3614 984 3665 donis
1004 3611 1177 3664 confidebant

89 3685 223 3736 fortunae.
261 3686 295 3736 ab
311 3635 358 3738 1itis
378 3688 460 3755 igitur
477 3696 547 3738 terra
566 3687 686 3756 marique
705 3686 878 3746 circumsessi,
897 3683 1091 3736 strffocabamur
1108 3699 1177 3752 pae-

89 3771 134 3816 ne,
153 3763 181 3806 et
200 3759 297 3824 partim
316 3766 402 3810 morte
420 3757 525 3827 abrepti
547 3774 646 3816 sumus,
660 3757 758 3826 partim
777 3755 936 3818 semianimi,
949 3755 1055 3808 Tartari
1074 3755 1175 3825 quippe

88 3825 213 3878 trucibus
235 3828 369 3889 satietate,
391 3831 497 3900 opinor,
519 3828 641 3890 occlusis,
659 3827 746 3878 relicti
766 3842 863 3876 sumus.

180 3899 214 3947 At
232 3899 300 3947 enim
319 3917 334 3949 a
353 3899 523 3967 degressioue
549 3897 598 3948 hac
626 3915 675 3965 pro
703 3899 862 3948 necessitate
884 3895 1011 3947 historiae
1038 3897 1108 3948 sacta
1134 3913 1176 3948 re·

87 3966 246 4018 vertendum
268 3975 308 4019 est
333 3986 476 4042 parumper
493 3970 526 4020 ari
548 3967 735 4036 significandos
763 3974 818 4018 tum
837 3966 974 4018 ruendicos
994 3975 1049 4018 tum
1068 3965 1177 4036 praedi-

86 4039 156 4088 vites
194 4035 319 4098 uosdam,
346 4042 393 4111 qui
418 4042 495 4112 quasi
514 4039 645 4092 diluvium
664 4037 800 4110 quoddam
822 4037 893 4089 hona
912 4037 948 4089 rei
971 4037 1095 4108 publicae
1115 4053 1178 4106 pes-

87 4107 181 4162 sumda
204 4117 264 4162 ant:
290 4110 338 4180 qui
358 4129 399 4164 rea
418 4113 551 4184 pretiosas
574 4111 657 4165 stulte
679 4118 706 4164 et
720 4109 795 4182 quasi
815 4109 956 4162 infantium
975 4111 1057 4163 instar
1076 4106 1177 4180 prode-
