2762 4622
86 296 89 307 '
198 305 268 377 ιτα
495 265 662 397 [monn
691 283 974 400 cninuarrcr}
1021 291 1034 304 '

505 459 677 526 Φιλιππικάς
703 462 785 519 teni
805 463 963 536 Βαρδάκης.

101 614 183 689 ,ςσιαί
276 601 465 680 Φιλιππικάς
487 601 510 698 Ιό
533 603 590 666 καί
615 597 784 684 Βαρδάνης
810 599 1012 682 ἐβασίλευσεν
1039 595 1093 686 ἔτη
1122 599 1201 665 δυό·
1242 599 1281 680 tc

191 705 227 771 ἒν
246 703 305 783 μὲν
324 711 392 778 ταῖς
416 703 596 774 διαλαλιαῖς
619 699 720 764 αότοό
738 695 840 780 λόγιος
865 696 921 762 καί
947 699 1091 784 ἐχέφρων
1110 701 1278 786 ἐλογίζετο,

191 805 225 870 ἰν
239 805 275 867 δὲ
289 809 357 877 ταῖς
376 803 527 884 πράξεσιν
544 799 644 864 αδτοό
668 799 811 879 άσίμνως
822 799 879 862 καί
894 797 1048 873 άνικάνως
1068 803 1124 864 καί
1136 803 1280 883 αἰσχραῖς

189 901 243 970 τόν
263 905 333 984 βίον
353 884 505 968 διάτελαόν
526 898 623 986 πάντη
639 891 790 977 άδόκιμος
812 898 980 962 ἐδείκνυτο.
1022 891 1062 982 ἢν
1084 901 1118 964 δὲ
1143 900 1197 963 κατ’
1215 901 1306 964 κα·5

190 1000 333 1086 κόδοξος,
366 1000 411 1085 μὴ
442 1000 625 1084 αἰσχυνθείς
657 995 794 1080 ὅρμησαι
829 999 886 1062 rori
914 1001 1039 1080 κινῆσαι
1068 995 1142 1082 δρια
1162 995 1198 1064 τά
1221 1005 1280 1083 τῆς

190 1101 283 1182 ἁγίας
301 1103 436 1166 συνόδου
457 1100 678 1178 insonnem·
696 1097 795 1161 ταῦτα
818 1099 873 1160 καί
885 1094 945 1178 γάρ
960 1097 1139 1181 τίνατρέψαι
1163 1100 1280 1163 ἐσποό·

190 1203 302 1280 δαζεν,
339 1199 401 1264 όπό
423 1201 599 1282 ε’γιιλείστου
619 1194 703 1272 τινός
734 1197 769 1260 όν
791 1203 856 1271 τοῖς
876 1195 1118 1280 Καλλιστράτου
1141 1201 1278 1277 καταμί-

189 1321 293 1374 νοντος
310 1296 367 1382 τήν
396 1297 598 1363 κακοπισιίαν
621 1297 842 1378 ἐκδιδαχθείς,
864 1300 939 1380 παρ’
960 1289 1001 1360 οδ
1018 1298 1074 1362 καί
1092 1295 1128 1362 τό
1153 1292 1197 1363 ότι
1217 1301 1278 1379 βα-

190 1393 308 1462 σιλεόει
339 1394 486 1482 πρότερον
518 1389 661 1482 ἤκουσεν.
710 1395 762 1482 ἐφ’
785 1386 826 1458 οδ
849 1393 905 1459 καί
926 1393 956 1460 οἰ
978 1395 1157 1479 Βοόλγαρσι
1178 1399 1276 1479 μέχρι
1288 1405 1324 1459 10

191 1499 246 1582 τῆς
265 1501 388 1583 χρυσῆς
409 1497 525 1580 πόρτης
547 1495 769 1579 αἰχμαλωσίαν
802 1491 986 1578 ποιήσαντες
1004 1493 1216 1578 δπόστρειραν.
1258 1493 1276 1560 ό

191 1600 236 1680 δέ,
259 1595 389 1662 ἱππικοῦ
419 1599 607 1676 τελουμένου
636 1595 692 1658 καί
710 1596 774 1658 τῶν
801 1593 964 1677 πρασίνων
986 1592 1186 1679 νικησάντων,
1207 1593 1279 1660 ἕδο-

103 1683 107 1700 ’
189 1699 240 1774 ξεν
261 1698 346 1781 αότρλ
373 1693 451 1777 μετά
472 1695 568 1777 δοχῆς
599 1691 654 1758 καί
673 1689 816 1777 ὀργάνων
847 1695 1002 1758 εἰσελθεῖν
1021 1695 1077 1758 καί
1095 1693 1277 1759 λούσασθαι

188 1795 234 1869 εἰς
249 1793 284 1859 τό
318 1791 449 1878 λουτρόν
480 1796 540 1856 τοῦ
568 1793 751 1871 Ζευξίππσυ
773 1789 829 1857 καί
855 1791 938 1872 μετά
969 1793 1104 1857 πολιτῶν
1134 1791 1277 1877 αἰσχρῶν

188 1887 389 1978 ἓστιαθῆναι·
432 1893 465 1955 ἰν
485 1893 521 1958 tt
541 1895 584 1980 τῷ
606 1891 704 1957 αάτόν
724 1886 892 1958 ἑστιᾶσθαι
914 1889 1029 1977 αἴφνης
1039 1895 1070 1958 Γ
1067 1893 1194 1976 ειόργιος
1214 1897 1323 1958 rao-¹5

188 1998 326 2076 τρίκιος,
353 1983 378 2080 ᾧ
402 1989 436 2056 τό
459 1989 587 2076 ἐπίκλην
607 1988 774 2078 Βόραφος,
804 1994 860 2056 καί
887 1989 1052 2075 Θεόδωρος
1074 1991 1235 2074 πατρίκιος
1255 1991 1274 2055 ό

186 2095 359 2178 Μαϊάκης,
386 2089 468 2172 μετά
497 2093 659 2170 ταξεωταδν
683 2091 718 2156 εἰι
750 2093 804 2176 τῆς
826 2087 952 2180 Θράκης
971 2090 1201 2176 εἰσδραμόντες,
1220 2091 1278 2156 καί

189 2187 389 2276 άρπόσαντες
410 2189 465 2254 τόν
480 2188 671 2255 Φιλιππικὸν
690 2193 745 2256 καί
764 2185 973 2273 άνενεγιιόντες
995 2191 1040 2266 εἰς
1059 2189 1093 2254 τό
1115 2187 1277 2273 όρματοό-

191 2315 260 2378 ριον
280 2291 340 2356 τῶν
361 2292 522 2375 πραοίνων
539 2286 739 2378 ἰτόφλωσαν,
760 2293 823 2355 καί
832 2291 1098 2371 ἐπισυναχθέντος
1116 2293 1173 2354 rori
1193 2291 1277 2354 innui

188 2391 229 2478 τῇ
261 2391 413 2472 ἐπαύριον
447 2391 493 2464 εἰς
520 2387 575 2473 τόν
597 2387 735 2474 μεγάλην
759 2388 924 2474 ἐκκλησίαν
953 2384 1092 2470 ἔστεψαι
1111 2384 1337 2472 Ἀρτίμιαν20“

187 2489 455 2575 πρωτασηκρητις.
511 2488 565 2555 όπί
596 2487 709 2554 τοότου
738 2485 795 2553 τόν
829 2490 884 2572 τῆς
903 2483 1138 2573 τίρχιερωσόνης
1157 2487 1276 2572 θρόνον
1319 2551 1324 2562 ,

187 2597 331 2673 κατεῖχεν
352 2587 490 2675 Ἰωάννης
511 2583 652 2664 διάκονος
669 2585 725 2653 καί
741 2581 949 2674 χορτοφόλαξ
969 2585 987 2650 ό
1008 2584 1174 2672 αόρετικός.

517 2819 687 2874 Perennem
704 2833 764 2875 erra
782 2817 933 2876 Βιιαικει.

256 2935 430 3010 Philippicae,
448 2941 497 3010 qui
516 2939 595 2992 etiam
606 2939 749 3005 Bardonee,
766 2939 1015 3012 regnavitannnd,
1032 2939 1079 3010 qui
1092 2941 1121 2994 in
1131 2941 1272 3012 colloquio

186 3007 318 3063 secundun
331 3018 414 3080 atque
427 3009 544 3079 prudens
558 3009 675 3074 habitur,
688 3009 736 3064 red
753 3013 781 3064 in
793 3012 945 3066 actionibus
956 3011 1010 3064 anie
1023 3013 1126 3082 abeque
1140 3013 1271 3082 gravitate

185 3089 215 3133 et
235 3079 368 3134 industrie
382 3083 438 3133 ulia
454 3099 579 3148 νοτιτιις
597 3083 766 3154 turpiterque
784 3083 876 3136 vivent
893 3091 1038 3135 extremam
1059 3083 1112 3136 eibi
1131 3081 1272 3136 infamiam

184 3151 297 3222 paravit.
333 3160 392 3204 erat
410 3154 490 3205 etiam
513 3153 600 3204 maiae
618 3151 704 3216 fidei,
734 3153 836 3224 quippe
863 3171 944 3224 quem
973 3170 1029 3206 oon
1047 3153 1147 3226 puduit
1165 3162 1271 3206 tentare

184 3223 268 3274 eancti
287 3223 393 3276 concilii
424 3223 567 3276 conutitute
596 3223 703 3276 decreta
723 3225 878 3294 infringere.
915 3241 947 3275 ea
965 3223 1036 3276 enim
1056 3223 1166 3276 abolere
1184 3225 1273 3278 voluit

184 3294 282 3346 maiam
300 3293 380 3346 fldem
401 3293 496 3347 doctae
515 3309 531 3346 α
559 3293 691 3348 monacho
711 3295 827 3366 quodam
848 3295 877 3348 in
894 3293 1070 3348 Callistrateie
1089 3295 1237 3358 habitante,
1255 3312 1272 3346 a

184 3381 239 3434 quo
257 3363 396 3416 audiverat
419 3374 508 3426 antea,
538 3382 566 3418 ee
585 3383 613 3418 re
632 3373 756 3418 naturum
776 3383 842 3420 eoae.
889 3365 940 3418 enb
961 3383 994 3416 eo
1013 3365 1116 3434 Bulgeri
1137 3383 1221 3436 usque
1237 3363 1273 3416 ad

183 3451 292 3488 auream
311 3444 412 3505 portam
432 3437 551 3508 captivos
575 3382 740 3490 abgucentee
762 3443 900 3490 venerunt.
941 3435 984 3488 iili
1002 3451 1076 3500 vero,
1095 3435 1165 3487 circo
1184 3435 1272 3498 finito,

184 3523 267 3576 quum
288 3507 388 3560 Praeini
404 3509 540 3570 vicissent,
558 3509 669 3579 placuit,
686 3505 800 3562 invitato
826 3524 887 3559 cuna
905 3507 1089 3560 instrumentis
1107 3506 1213 3574 ingredi
1243 3515 1272 3560 et

185 3576 212 3628 in
224 3575 356 3630 lavacrum
369 3579 499 3650 Zeuxippi
519 3577 681 3631 dercendere
700 3587 728 3630 et
745 3595 774 3630 ee
792 3577 881 3632 lavare
902 3586 931 3630 et
947 3595 1007 3629 cum
1027 3577 1149 3648 turpibus
1167 3577 1271 3630 civibus

184 3663 307 3700 coenare.
364 3667 427 3701 uum
447 3667 508 3702 vero
527 3657 668 3712 coenaret,
690 3647 783 3700 cubito
801 3649 932 3717 Georgiue
951 3649 1088 3718 patricius,
1107 3649 1150 3698 cui
1169 3665 1269 3716 cogno·

183 3733 245 3770 rnen
263 3666 394 3789 Βστιρδιο,
418 3728 447 3772 et
464 3717 623 3772 Theoriorua
651 3719 780 3788 petricius
798 3719 902 3772 Maiam
920 3728 1010 3780 natue,
1026 3736 1086 3769 curn
1105 3719 1236 3784 militibus
1253 3733 1270 3770 e

184 3785 299 3840 Thracia
318 3799 494 3854 occurrentes,
512 3789 690 3862 Philippicurn
709 3799 843 3860 arreptum
863 3799 891 3842 et
907 3789 935 3840 in
954 3789 1187 3840 armamentarium
1205 3789 1269 3840 Pra-

184 3855 302 3910 ainorum
319 3859 464 3916 abductum
483 3859 569 3913 nculia
588 3862 703 3930 privant,
730 3869 758 3913 et
776 3861 879 3932 populo
897 3861 982 3912 attero
1001 3859 1045 3912 die
1063 3861 1091 3912 in
1109 3875 1203 3927 magna
1223 3875 1269 3912 ec-

108 3935 115 3950 *
185 3925 265 3978 ciceia
286 3930 410 3995 collecto,
427 3933 573 3986 Artemiurn
593 3931 742 4002 principem
760 3931 962 3984 secretariorum
981 3940 1183 3982 coronaverunt.
1219 3929 1269 3981 rub

184 3995 235 4120 goe
255 3999 456 4119 pptriarehaiem
475 4002 566 4056 sedem
586 4003 675 4056 tcouit
694 4003 808 4058 ionuuee
822 4002 949 4056 diaconus
965 4009 994 4055 et
1010 4000 1160 4054 chartarum
1178 4007 1269 4054 cuetoa

206 4083 266 4119 aere
281 4085 343 4120 reue.
