2776 4612
224 287 297 360 390
639 279 895 356 ΕῑΙΒΤλΤΗΙὈδ

225 470 339 514 σταται
360 445 396 510 δέ
427 437 484 506 καί
502 439 540 516 ,τύ
564 439 787 524 δρχιεραιικύν
806 436 932 518 ξύμπαν
950 439 996 512 είς
1019 437 1096 516 μίαν
1116 433 1238 517 ἔντασιν,
1260 435 1322 495 καί

226 548 317 611 δοκεῖ
334 543 374 610 τύ
405 545 462 627 τῆς
489 539 609 616 πόλεως
631 537 715 605 ούτιο
741 543 868 621 κύματα
889 533 1027 621 γαλήνην
1056 535 1171 619 εύρεϊν.
1213 529 1258 607 oie
1281 533 1318 594 δέ

226 643 325 728 ἐχρῆν
345 644 475 709 ἕκαστον
498 641 582 722 μέγα
614 634 784 721 πρόσωπον
802 639 864 703 τῶν
892 639 927 700 ἐν
945 640 983 722 τῇ
1004 633 1149 719 ἐκκλησίᾳ
1167 633 1319 716 ἐκφαίνο-

227 749 308 810 roas
327 742 405 807 κατὰ
436 738 560 825 εἰρήνης
590 741 687 822 δῆθεν
715 740 808 822 λύγον
826 733 932 820 (ἔγεμε
954 733 1012 816 γδρ
1035 731 1143 797 αύταῑν
1163 731 1263 796 εέσέτι
1285 727 1320 794 ιδ

226 851 314 909 θεῖον
334 845 470 923 τέμενος,
492 837 787 924 παραμενόντωνέξ
816 831 890 901 ύτου
918 831 1232 918 προσπεφεύγασιν),
1271 821 1346 902 oleo

228 947 288 1026 pir
315 933 372 1005 ούκ
400 932 440 1024 ἧν
473 933 614 1002 ύποιιταν
635 936 669 1002 τύ
696 938 809 1018 fluoris,
844 933 900 998 καί
920 923 966 1008 οἷς
986 933 1021 996 δέ
1039 930 1169 1005 ἁπαλῶς
1191 925 1280 1012 εἶχεν
1302 927 1321 1010 ἦ

231 1037 343 1125 ψυχή,
375 1037 628 1124 προυφαίνοντο,
657 1039 714 1100 καί
744 1031 878 1100 ἐλάλουν
907 1035 962 1097 καί
992 1033 1119 1097 ἐποίουν
1148 1024 1209 1093 ὅσα
1240 1023 1323 1091 ύπέ-

229 1143 346 1222 βαλλεν
365 1133 383 1202 ὅ
402 1135 522 1220 καιρός.
564 1133 583 1219 ἡ
606 1137 641 1202 δέ
660 1137 717 1199 τού
735 1135 938 1219 Ἀνδρονίκου
968 1129 1120 1213 θυγάτηρ,
1140 1127 1160 1212 ἦ
1180 1126 1237 1192 reis
1257 1130 1323 1190 Συ.

121 1292 127 1312 ,
232 1235 370 1324 ναδηνύν
400 1239 567 1320 Θεόδωρον
595 1231 730 1318 ύστερον
767 1235 813 1307 εἰς
852 1223 954 1314 ἄνδρα
981 1231 1125 1311 λαβούσα
1153 1231 1209 1292 καί
1238 1225 1322 1308 ταχύ

233 1329 458 1419 ἀποβαλοῦσα,
486 1336 526 1398 ού
547 1338 619 1398 καθ’
644 1329 770 1415 εἷρμδν,
792 1331 834 1407 sic
855 1336 996 1414 λέγεται,
1017 1326 1153 1414 φύσιας,
1172 1329 1323 1412 ἐφαίνετο
1332 1339 1362 1392 1⁰

234 1439 382 1518 ούδαμού
411 1439 466 1500 καί
493 1431 557 1518 μήν
584 1433 812 1518 ι’ίνεψηλαφᾶτο
838 1437 906 1494 κατ’
936 1431 1127 1510 ἐπιμέλειαν.
1176 1419 1215 1510 ἦν
1245 1424 1322 1510 δέἦ

233 1529 333 1620 αύτῆς
365 1533 570 1620 ἐκκλησίαδεν
601 1529 767 1615 δποκρυβὴ
801 1528 886 1618 φυγή
916 1528 995 1612 πρὸς
1025 1527 1083 1590 ris
1115 1527 1240 1606 πατέρα
1263 1525 1324 1599 ἕως

234 1633 290 1699 καί
308 1637 355 1710 τίς
364 1633 516 1720 Σινώπην,
538 1631 617 1698 ἔνθα
638 1633 753 1697 ἐκεῖνον
773 1629 852 1713 ἔγνον
874 1621 967 1694 εἶναι.
1010 1625 1064 1721 καί
1084 1625 1175 1708 ἔσχεν
1194 1626 1325 1708 εύὸδως,

234 1733 279 1810 ὥς
300 1734 358 1796 ούκ
392 1725 432 1797 ἄν
452 1755 500 1808 τις
532 1732 609 1796 ούδέ
638 1729 717 1815 ύνὴρ
740 1727 947 1808 δεξιώτατος·
1001 1724 1083 1792 ἔοικε
1103 1724 1161 1808 γὰρ
1184 1724 1204 1806 q‘
1227 1726 1325 1810 φύσις

235 1831 511 1916 φιλοτιμήσασδαι
543 1831 599 1896 καί
630 1831 711 1916 αύτῇ
730 1833 842 1912 τέχνην
861 1830 919 1892 τού
938 1824 1077 1912 φεύγειν,
1099 1821 1245 1904 καθάπερ
1271 1827 1325 1888 καί
1334 1837 1360 1888 15

235 1935 280 2019 τῷ
296 1933 402 2016 πατρί,
422 1927 457 1996 δν
475 1933 593 2014 μικροῦ
611 1924 651 1994 δν
666 1929 769 2016 ’δεήσῃ
789 1953 839 2004 τις
857 1929 956 1992 εἰπεῖν
971 1925 1014 2001 τίς
1034 1923 1087 1990 διδ
1110 1927 1182 2006 βίου
1202 1922 1324 2005 καταδρ-

234 2033 297 2094 θου
318 2025 352 2094 τύ
381 2027 439 2094 καί
470 2027 576 2116 φυγὰς
597 2022 680 2093 εἶναι
703 2031 759 2092 καί
786 2023 1022 2110 διαδιδράσκειν
1051 2022 1125 2099 τούς
1147 2025 1326 2106 ἐπιτρέχειν

235 2129 411 2204 ἐθέλοντας.
461 2129 483 2213 ἦ
516 2133 622 2194 τοίνυν
641 2127 784 2214 θυγάτηρ
806 2131 907 2210 ἐκείνη
926 2123 1027 2200 oritur
1048 2123 1266 2206 δνδριοαμένη
1286 2119 1324 2185 τύ

235 2229 281 2302 νίς
298 2228 463 2314 δρασμόν,
484 2228 539 2291 καί
564 2229 609 2304 εἰς
627 2225 662 2294 ’ἐν
689 2230 836 2311 γενομένη
862 2230 906 2313 τῷ
927 2227 1025 2309 πατρί
1046 2226 1101 2289 καί
1120 2221 1160 2288 τύ
1186 2224 1243 2306 τῆς
1268 2220 1324 2283 πύ-

235 2331 314 2402 seue
342 2330 617 2414 περιηγησαμένη,
643 2327 680 2394 τά
701 2351 734 2392 τε
768 2323 850 2392 ἄλλα
881 2329 1052 2408 ἐνέγραψεν
1080 2323 1126 2398 εἰς
1154 2319 1360 2386 dranosa-eo

236 2447 315 2492 πτσν
334 2424 455 2492 ἐκείνου
481 2430 592 2514 φυγῇ,
612 2430 668 2492 καί
696 2425 746 2490 δτι
770 2429 805 2489 δέ
828 2424 903 2501 θεὸς
931 2431 995 2499 τοῖς
1021 2427 1323 2490 Κωνσιαντινουπο-

235 2523 457 2602 λίταιςαύτύς
482 2529 557 2611 περί
580 2529 637 2612 γῆν
656 2525 736 2610 persi
766 2525 822 2592 τόν
844 2525 998 2610 ούρδνιον.
1039 2525 1095 2589 καί
1112 2521 1168 2608 τῆν
1191 2523 1324 2605 καρδια-

307 2708 334 2760 7-
350 2707 547 2782 προύφαίνετο
566 2711 591 2762 Τ

237 2869 311 2922 snuni
332 2867 442 2922 foedere
461 2871 604 2942 collegium
617 2871 904 2943 erclripresbytsrorons
917 2871 1080 2935 universnm,
1098 2886 1129 2921 nc
1148 2869 1278 2922 ridentur
1290 2869 1323 2920 its

240 2939 350 2992 taudem
370 2940 456 2993 sedati
477 2957 534 2994 esse
558 2943 655 2994 fluctus
683 2944 787 2995 utboni.
824 2961 903 3014 quum
930 2950 1139 3003 antonomum,
1159 2942 1208 3010 qui
1232 2941 1260 2991 in
1283 2958 1322 2990 oc·

237 3009 319 3094 desis
338 3020 423 3074 erant,
436 3011 568 3064 illustrior
583 3016 697 3085 quisque
717 3013 824 3084 prodire
842 3013 955 3064 deberet
974 3012 1119 3063 seosrndum
1138 3010 1324 3062 conditionem

236 3095 310 3150 pscss
331 3079 470 3151 (refertum
491 3085 562 3134 enim
580 3087 732 3136 etiamtum
751 3091 808 3136 erat
825 3101 926 3136 sacrum
945 3084 1095 3146 delubrum,
1114 3085 1324 3144 remanentibus,

237 3165 272 3202 en
284 3167 338 3221 quo
357 3169 389 3203 eo
402 3153 533 3220 fugerant,
552 3155 708 3226 plerisque),
728 3155 774 3224 qui
791 3155 862 3206 vitse
873 3173 927 3205 non
947 3155 1079 3207 timebant
1096 3162 1124 3205 et
1141 3155 1232 3204 animo
1251 3159 1323 3204 eruut

236 3221 355 3292 plaido,
374 3223 521 3292 prodibant
539 3235 566 3277 et
584 3225 768 3296 loquebantur
786 3225 985 3294 faciebantque,
1012 3241 1080 3295 quae
1101 3233 1207 3293 tempus
1227 3223 1323 3276 susde-

237 3299 289 3344 τοι.
312 3291 360 3344 ssd
377 3292 522 3346 Andronici
544 3297 608 3360 iilis,
627 3313 695 3366 squas
709 3296 882 3350 Theodorum
895 3299 1066 3362 Synsdsnuns
1086 3303 1180 3366 postes
1200 3298 1323 3346 moritum

237 3359 336 3414 hebuit
353 3371 381 3414 et
400 3381 462 3416 mox
480 3367 577 3428 omisit,
606 3385 663 3419 nou
681 3367 826 3420 secundum
845 3369 941 3436 legem,
959 3377 990 3419 ut
1007 3369 1100 3427 olunt,
1118 3375 1241 3428 neturus,
1261 3383 1324 3416 nus-

239 3449 320 3516 qusns
341 3434 514 3505 comparebat
536 3439 656 3506 quamvis
682 3437 800 3489 studiose
830 3439 960 3508 quaesita.
997 3443 1054 3488 etot
1073 3445 1165 3488 sutem
1186 3453 1219 3488 ex
1237 3437 1324 3487 eccle-

239 3519 279 3588 ριν
300 3505 428 3574 fugientis
453 3507 597 3558 latibulum
627 3509 680 3560 iter
698 3509 817 3578 Sinopen
850 3509 884 3558 od
902 3516 1004 3576 putrem
1032 3516 1195 3578 susceptum,
1226 3509 1255 3558 in
1272 3523 1323 3577 qus

239 3575 318 3658 silum
336 3574 403 3628 urbs
420 3579 577 3628 commorari
595 3577 713 3644 scielsot3
730 3579 849 3648 lecitque
870 3577 899 3629 id
916 3581 969 3629 iter
986 3579 1023 3630 its
1044 3587 1162 3638 strenue.
1182 3585 1214 3628 ut
1231 3595 1267 3628 ue
1287 3578 1324 3626 rir

239 3643 350 3714 quidem
370 3646 594 3716 expeditissimus.
641 3647 784 3702 videbatur
808 3649 878 3699 enim
903 3657 997 3700 notura
1024 3650 1100 3720 qussi
1118 3649 1262 3700 ambitiose
1284 3647 1322 3697 illi

239 3732 348 3785 quoque
379 3717 502 3786 fugiendi
531 3719 637 3770 dedisse
662 3727 759 3779 ortem,
787 3735 867 3788 qussn
894 3720 962 3788 putri
992 3719 1119 3784 dederet,
1149 3735 1231 3790 quem
1266 3719 1323 3788 quis

239 3799 325 3854 psene
344 3785 444 3840 dixerit
459 3789 513 3840 vito
531 3789 718 3858 comprobasse
745 3789 816 3840 illud
838 3790 1001 3858 “fugitivum
1020 3807 1077 3842 esse
1096 3801 1123 3842 et
1142 3794 1260 3858 effugere
1282 3791 1323 3839 in-

240 3856 335 3938 sectari
354 3864 507 3910 conantes.”
552 3861 609 3911 filis
634 3861 715 3928 igitur
738 3863 812 3925 eius,
836 3869 979 3930 postquam
1005 3861 1067 3928 suga
1089 3860 1197 3912 laudem
1219 3861 1325 3911 virtutis

239 3933 340 4006 strepuit
356 3935 384 3980 et
401 3945 461 3980 cnm
486 3938 562 3998 pstrs
581 3931 723 3982 coniuncte
742 3940 797 3994 est,
818 3949 859 3982 res
883 3933 912 3981 in
931 3931 996 3982 urbe
1017 3941 1104 4002 gestos
1122 3932 1265 3993 enarravit,
1283 3933 1323 3980 in-

241 4003 400 4064 scripsitque
423 4001 512 4050 animo
540 4002 598 4052 eius
622 4003 762 4053 ocutisimo
795 4003 858 4053 stilo
883 4019 943 4052 cuns
964 4003 1151 4072 reliqus,tuns
1171 4001 1247 4072 quod
1265 4007 1324 4070 post

241 4059 321 4144 slsum
332 4065 475 4118 coelestem
491 4069 548 4138 ipse
567 4071 746 4138 stolitsnis
764 4071 834 4123 alter
854 4071 883 4124 iss
901 4071 978 4124 terris
992 4073 1059 4125 deus
1079 4072 1234 4126 haberetur.
1257 4087 1324 4142 quse

246 4130 351 4185 'usdssn
371 4136 452 4188 verbs
472 4139 585 4191 multum
603 4156 692 4192 secum
709 4158 826 4207 versans,
848 4149 875 4194 st
889 4143 961 4198 saris
980 4145 1091 4200 volvens
1104 4145 1133 4197 in
1150 4145 1241 4196 snisno
1260 4159 1323 4194 con·
