2778 4616
374 325 431 390 DE
456 323 590 390 moun
616 321 785 391 usuum
802 329 838 392 F.
1073 325 1146 398 353

54 477 136 560 περί
162 475 275 542 dissei
307 479 575 560 προσκυνεῖσθαι,
607 473 652 550 ὥς
677 479 916 562 προσκυνοῦμεν
936 461 990 546 τόν
1011 481 1149 566 σταυρὸν

56 579 113 640 καί
125 573 162 640 τό
184 575 386 659 τυάγγίλιον,
411 579 646 661 προσκυνοῦμεν
675 581 731 642 καί
747 578 805 654 τάς
826 577 964 665 εἰκόνας,
984 581 1055 645 ἐπεὶ
1075 581 1149 645 ου’δὲ

57 677 164 741 ταῦτα
192 677 369 760 γέγραπται
398 681 664 758 προσκυνεῖσθαι·
713 678 780 742 ἀλλ’
817 677 925 762 ἐπειδή
960 677 1048 764 παρά
1088 683 1151 744 τοῖν

60 771 246 840 ἀποστόλων
278 771 299 860 ή
329 776 476 859 ἐκκλησία
508 779 608 842 ταότα
644 777 858 862 παρείληφεν,
895 781 934 843 osi
968 783 1022 844 δεῖ
1049 783 1183 865 ζητεῖνλ)
1254 850 1257 857 ,

34 875 92 938 tei
110 877 286 957 γόγραπται
306 867 328 956 ή
352 873 390 938 ου’
409 875 590 958 γέγραπται·
631 873 730 940 πολλά
750 873 810 960 γάρ
824 873 976 963 ἀγράφως
1001 879 1021 962 ή
1042 881 1153 962 ἐκκλη-

62 973 119 1038 σία
141 973 330 1058 παρέλαβεν,
350 969 431 1056 άπερ
451 975 594 1056 λέγονται
613 977 772 1062 δόγματα,
804 979 846 1040 δι’
875 975 1073 1058 ἕμπνεόσεως
1093 981 1154 1042 rosi

63 1072 158 1156 άγίου
181 1067 356 1154 πνεόματος
382 1076 453 1138 καθ’
481 1069 613 1157 ἑκάστην
639 1073 747 1162 γενεάν
768 1072 829 1140 ἀπὸ
858 1081 920 1142 τοῖν
941 1076 1038 1162 άγίων
1051 1079 1154 1142 αότοῦ

64 1171 189 1236 δοόλων
211 1172 266 1238 καί
283 1169 488 1256 θεραπόντων
508 1176 759 1240 διατυπωθόνεα.
800 1179 871 1242 ἐπεὶ
885 1180 921 1244 δὲ
940 1183 1041 1244 ταῦτα
1059 1171 1154 1263 ἤκου-

64 1295 130 1356 σεν,
142 1269 365 1356 ἀπεδήλωσεν.
386 1276 501 1338 “stet”
512 1273 591 1359 φησί
608 1277 683 1338 “καί
699 1277 887 1360 διαλέχθητι
899 1278 979 1360 πρὸς
998 1276 1073 1352 τοός
1086 1283 1156 1340 κατ’

24 1379 56 1434 10
65 1373 155 1457 ἐμὲ,”
167 1367 239 1448 τοός
253 1374 329 1458 περί
349 1372 511 1438 Ἀντοόνιον
523 1376 579 1436 καί
591 1371 737 1457 Ἰωάννην
757 1377 866 1460 λόγων,
889 1380 943 1442 “ot
951 1399 1034 1452 τινες
1047 1377 1157 1462 ἀσφα-

65 1477 130 1546 λοός
151 1463 245 1556 εόρον
266 1475 300 1538 δν
320 1478 469 1546 παλαιοῖς
494 1475 629 1556 βιβλίοις
645 1476 776 1558 χρήσεις
798 1473 1038 1559 ἀποτρεποόσας
1058 1499 1157 1557 προσ-

66 1575 237 1638 κυνεῖσθαι
265 1568 323 1648 τάς
357 1571 509 1648 εἶκόνας.”
551 1576 606 1637 καί
629 1571 738 1638 λοιπόν
757 1573 774 1636 ό
790 1572 990 1660 πατριάρχης
1011 1575 1156 1639 ἀπίστει·
1167 1583 1199 1638 1³

67 1677 124 1736 λεν
147 1671 336 1748 ἐπισκόπους
356 1673 413 1736 καί
441 1667 635 1757 ἡνωμένους
654 1675 836 1756 ἐλλογίμους
855 1673 936 1757 πρός
960 1673 1059 1740 ου’τόν
1078 1673 1158 1756 πρὸς

69 1767 108 1834 τό
125 1769 387 1854 ἀπολογήσασθαι
406 1769 485 1854 πρός
506 1769 565 1846 τάς
583 1769 711 1848 πεόσιις
731 1775 842 1838 αότοό.
869 1775 1102 1857 διαλεχθέντων
1124 1773 1160 1836 δὲ

30 1879 62 1934 15
71 1867 130 1931 sni
147 1865 205 1951 τήν
225 1870 380 1953 ἀλήθειαν
398 1869 647 1952 ἀποδειξάντων,
675 1875 822 1952 ἐπέμενεν
843 1870 1025 1955 ἀναγκάζων
1046 1869 1162 1947 ου’τοός

72 1969 282 2052 διαλεχθῆναι
304 1967 380 2052 πρὸς
399 1970 474 2045 τοός
494 1975 551 2055 τής
573 1973 717 2046 ἐναντίας
730 1974 854 2057 μοίρας.
897 1972 927 2036 οἱ
951 1973 986 2036 δὲ
1007 1966 1093 2036 εἶπον
1114 1966 1162 2034 ότι

72 2059 147 2150 όρος
167 2065 236 2132 ε’στί
264 2071 319 2152 τῆς
339 2063 428 2152 άγίος
460 2073 596 2135 συνόδου
626 2069 664 2136 τά
698 2071 805 2156 όρθοός
832 2074 1084 2156 δογματισθὲντα
1110 2069 1164 2135 καί
1172 2077 1198 2130 P.
1208 2076 1262 2131 438

75 2167 321 2232 διατυπωθίντα
340 2167 384 2251 μή
407 2169 473 2232 δεῖν
492 2168 589 2233 πάλιν
611 2170 791 2252 κακοόργως
813 2171 979 2256 ἀναζητεῖν
997 2167 1020 2254 ή
1039 2193 1165 2256 περιερ-

74 2263 242 2348 γάζεσθαι,
260 2269 341 2350 μηδὲ
368 2266 442 2343 τοός
467 2261 611 2352 ἀφρονας
634 2273 783 2346 θέλοντας
813 2277 982 2355 φιλονικεῖν
1001 2275 1166 2334 ποιεῖσθαι

32 2359 268 2448 Ωθάπολογίας,
298 2363 436 2447 μάλιστα
465 2370 501 2432 δὲ
528 2367 584 2434 καί
601 2369 646 2451 μή
675 2368 891 2450 πειθομένους.
934 2369 992 2433 καί
1010 2393 1108 2454 φησιν
1128 2367 1165 2432 “ό

68 2457 200 2546 Ἀρειος
220 2463 400 2546 μονοότατος
421 2467 562 2552 λαλήσας
593 2470 735 2553 ἐποίησεν
761 2469 895 2533 σύνοδον
915 2472 1167 2552 συγκροτηθήναι

78 2566 124 2628 δι’
146 2562 267 2628 αὐτόν·
308 2570 364 2630 καί
383 2565 509 2632 πάντων
542 2569 832 2649 σκανδαλιζομένων
852 2569 928 2651 περὶ
948 2570 1004 2650 τής
1024 2569 1168 2650 πίστεως,

79 2666 165 2738 τίνος
184 2665 285 2730 ἕνεκεν
306 2664 397 2750 ὑμεῖς
420 2669 460 2732 ου’
478 2665 632 2751 βούλεσθε
660 2668 871 2754 διαλεχθῆναι
891 2665 946 2734 καί
963 2667 1170 2752 αληροφορή-

38 2847 52 2884 .
151 2816 197 2871 20.
215 2834 310 2890 φασιν
327 2819 347 2872 Ρ
438 2820 481 2874 22.
500 2820 594 2878 αὐτῶν
610 2821 643 2874 Ρι
662 2837 722 2874 corr
740 2818 824 2874 Comb

81 2979 192 3049 quidem
210 2995 300 3050 neque
326 2980 375 3032 ilis
397 2980 533 3035 adoranda
559 2983 686 3054 scriptum
707 2989 757 3036 est.
794 2997 885 3034 verum
904 2983 1031 3052 quoniam
1049 2982 1083 3032 ab
1104 2999 1170 3050 apo-

81 3051 161 3102 stoiis
179 3049 246 3103 haec
264 3053 371 3122 excepit
388 3053 508 3117 ecclesia,
527 3062 614 3105 utrum
628 3055 754 3122 scriptum
767 3053 810 3105 vel
828 3070 884 3104 non
903 3056 1031 3122 scriptum
1050 3055 1093 3112 sit,
1114 3069 1170 3104 non

82 3120 163 3174 decet
179 3122 336 3192 inquirere:
363 3123 441 3192 pinse
471 3139 589 3192 namque
614 3125 714 3192 scripto
742 3141 797 3176 non
818 3123 933 3185 tradita,
953 3139 1021 3194 quoe
1042 3122 1170 3175 dicuntur

81 3189 224 3259 dogmata,
243 3194 395 3262 persancti
420 3196 529 3264 spiritus
554 3195 756 3264 inspirationem
787 3195 942 3246 successivis
969 3193 1134 3263 temporibus
1155 3209 1171 3243 a

83 3263 183 3314 sanctis
211 3265 269 3314 eius
294 3263 400 3315 famulis
428 3283 459 3316 sc
475 3265 560 3316 servis
579 3264 701 3318 ordinata
726 3265 838 3316 ecclesia
858 3266 973 3333 excepit.
1009 3263 1050 3316 his
1071 3264 1172 3314 auditis

82 3341 177 3384 contra
196 3333 265 3386 infit.
313 3334 445 3386 “accede’'
464 3335 554 3405 inquit
578 3343 700 3387 “etcum
718 3337 756 3386 eis
780 3337 827 3406 qui
850 3351 951 3386 mecum
970 3351 1023 3386 nna
1050 3337 1172 3385 sentiunt
1254 3357 1262 3374 ·

83 3402 201 3456 dissers''
228 3403 387 3474 (Antonium
415 3407 598 3476 Iononemque
623 3405 804 3478 insinuabat),
831 3408 897 3475 “qni
925 3415 1010 3456 certas
1030 3413 1059 3456 et
1079 3405 1169 3456 ineiu-

84 3473 198 3525 ctubiles
219 3475 247 3526 in
267 3475 402 3527 veteribus
421 3475 498 3528 libris
517 3485 672 3546 repererunt
693 3477 866 3528 auctoritates
884 3473 918 3526 ab
944 3474 1104 3544 imaginibus
1123 3489 1171 3524 co·

84 3544 174 3596 iendis
193 3561 244 3598 nos
261 3545 453 3598 deterrentes.”
489 3555 551 3617 post
568 3546 635 3598 haec
652 3549 792 3616 episcopos
811 3555 840 3596 et
857 3547 973 3597 selectos
993 3545 1171 3596 monasterio-

84 3633 143 3666 rum
161 3617 328 3685 preepositos
347 3617 517 3686 interrogatis
536 3619 593 3670 eius
617 3633 790 3685 responsuros
819 3615 854 3666 ad
875 3633 934 3666 eum
953 3613 1103 3685 patriarcba
1120 3615 1171 3664 mi·

82 3687 129 3737 sit.
167 3687 232 3755 ipsis
252 3687 446 3740 disserentibus
475 3695 503 3740 et
530 3689 670 3740 veritatem
691 3685 953 3747 demonstrantibus,
972 3685 1091 3736 instabat
1108 3685 1171 3746 Leo,
1232 3743 1236 3752 Ι

83 3765 114 3808 et
132 3763 164 3806 ut
181 3773 242 3808 curn
270 3759 382 3810 sdversa
407 3767 483 3828 parte
505 3757 667 3810 dissererent
692 3757 813 3810 instabat
831 3755 1023 3806 vehementius.
1062 3771 1173 3823 respon-

83 3827 188 3878 derunt
206 3827 248 3878 iiii
272 3837 399 3882 “sanctae
427 3827 522 3896 synodi
551 3829 687 3880 decretum
713 3835 754 3879 est
780 3835 852 3877 recte
879 3825 1014 3878 declarata
1034 3825 1172 3894 probeque

84 3896 190 3948 sancita
208 3913 263 3949 non
283 3909 409 3970 oportere
427 3902 516 3951 denuo
536 3899 687 3951 examinare
708 3907 755 3948 sut
771 3898 900 3948 curiosius
921 3895 1061 3964 indagare3
1082 3911 1172 3965 neque

84 3967 294 4018 contentionum
312 3970 465 4022 unctoribus
483 3977 512 4022 et
530 3971 614 4037 iurgia
631 3967 839 4038 requirentibus,
858 3969 880 4020 si
899 3967 1028 4019 obstinati
1046 3981 1173 4036 perseve-

86 4037 416 4107 rantrespondendunsss’
463 4040 616 4092 dicuntilli
638 4041 734 4090 “Asius
763 4055 822 4090 curn
840 4055 909 4090 unus
928 4038 1046 4090 etsolns
1066 4038 1172 4089 loeutus
1206 4083 1210 4089 .

86 4114 168 4168 esset,
187 4107 319 4174 synodum
338 4117 426 4162 tamen
450 4112 542 4178 colligi
572 4109 677 4178 coegit:
696 4125 769 4160 nune
792 4125 855 4160 sero
875 4125 935 4160 cum
953 4110 1071 4160 omniurn
1090 4106 1174 4158 animi

85 4179 159 4231 cirea
180 4178 260 4232 fldem
279 4179 457 4246 offendantur,
472 4184 548 4236 cuius
565 4197 645 4234 ceusu
661 4195 709 4238 τοι
723 4177 937 4233 dissertationem
954 4177 1104 4232 habendam
1125 4175 1174 4228 ds·

142 4291 198 4348 Leo
219 4291 430 4348 Grammaticus·
512 4363 516 4374 Ι
947 4289 982 4343 23
