2776 4612
218 256 273 318 nn
290 249 594 318 rrrnsstsomcs
625 253 653 315 λ
683 253 841 318 malms
861 253 1006 320 clere.
1073 243 1146 318 tas

51 403 91 469 τό
114 405 228 468 νοσοῦν
249 401 511 484 α’νακομισιισθοιι.
552 405 608 468 καί
628 402 684 468 asin
704 400 771 469 ἔστι
791 406 997 488 διαπιστῆσαι
1015 404 1089 482 roris
1111 399 1152 476 τό,

54 499 287 585 κατεγνωκότας
318 503 353 568 τό
384 503 513 587 πρᾶγμα
540 499 583 580 τός
608 501 691 568 πάνυ
721 528 751 567 τι
779 503 885 586 βραχδ
913 502 1068 586 προδότου
1091 511 1148 570 rosi

57 607 177 684 κυρίως
211 603 376 686 διενεγκεῖν
404 603 421 666 ό
444 603 554 682 Δαυλδ
578 601 729 688 φαίνεται
760 607 834 666 καθ’
860 603 966 685 ἡμῶν,
984 605 1015 668 εἰ
1033 604 1078 688 μή
1100 629 1147 678 τις

58 695 125 782 ἄρα
146 700 337 786 θερμότερον
362 699 539 784 ἐπιβάλλων
572 702 615 776 sic
639 699 672 764 όν
697 725 758 766 τινι
783 699 947 782 πλάστιγγι
976 701 1149 785 παριοόζοι

30 804 179 866 usnemu
201 801 247 874 εἰς
274 798 431 886 προδότην
462 801 662 886 αὐτόχρημα.
711 803 787 882 δι’χιι
815 796 876 881 χόρ
899 804 1075 866 συνθεοιιόν
1096 799 1151 866 ε’πδ

60 898 168 982 ῥητοῖς
203 904 258 964 καί
279 897 445 984 μηνόσεων
471 905 646 984 γνωρίμων,
675 895 698 962 ό
719 898 759 982 δὴ
783 901 839 962 καί
858 895 941 962 arisai
964 899 1072 964 πολλοί
1092 926 1149 964 κα-

59 1001 248 1082 τηγοροῦσιν
276 1002 412 1078 ἐκείνου,
436 990 535 1063 aritio
569 1000 670 1062 πάντα
699 1000 889 1081 προδοτικῶς
911 990 996 1080 εἶχεν
1017 996 1033 1060 ό
1055 1001 1146 1084 α’νὴρ.

60 1099 117 1160 καί
138 1095 242 1162 κοινόν
269 1098 357 1186 adrui
374 1122 406 1162 re
440 1101 495 1163 καί
522 1099 564 1186 τῷ
596 1095 673 1162 sord
708 1101 850 1180 σπουδὴν
876 1096 1022 1182 φανερόν
1045 1091 1148 1174 ἄλλως

60 1193 196 1283 προδότῃ
217 1195 251 1262 τό
275 1199 329 1262 τοῦ
349 1199 455 1262 κοινοῦ
483 1201 542 1278 μὲν
562 1197 721 1278 ὑπερορᾶν
748 1201 1026 1281 περιφρονητικαῖς,
1047 1193 1149 1284 iaurgi

13 1315 50 1366 10
62 1299 98 1361 δὲ
118 1295 206 1386 μόνῳ
225 1299 436 1378 χαρίζεσθαι,
463 1297 519 1360 καί
538 1299 749 1378 προτίθεσθαι
778 1294 900 1370 πόντος
926 1298 986 1375 μὲν
1007 1297 1147 1378 α’τιιέναι,

60 1407 215 1481 περιεῖναι
237 1399 272 1460 δὲ
291 1394 374 1477 μόνα
396 1395 435 1462 τὰ
456 1399 522 1461 κατ’
543 1395 648 1460 αότόν.
690 1399 866 1479 ἐμέμφοντο
885 1392 1151 1476 circumsonent

59 1495 111 1560 ότι
130 1497 170 1561 τό
194 1495 365 1580 πετροβόλοι
391 1499 425 1562 όν
456 1496 531 1580 ἡμῖν
561 1491 679 1577 ὄργανα
711 1497 768 1558 σόκ
797 1491 979 1578 εὐχρήστως
1001 1489 1088 1577 εἶχον
1107 1495 1151 1569 ιδς

58 1595 271 1680 ἀντιφεριζειν
291 1591 369 1678 πρός
391 1593 430 1660 τό
452 1599 516 1660 τοῖν
537 1591 730 1676 όντιμόχων.
771 1593 789 1656 ό
811 1597 846 1659 δὲ
865 1594 958 1680 sigeia
973 1597 1151 1678 κατορθοῦν

58 1693 94 1756 τό
118 1691 291 1776 ψεγόμενον
326 1699 400 1760 “κοιί
429 1693 465 1760 τί
481 1691 620 1778 ποιήσω’
641 1691 737 1775 ἔλεγε,
758 1692 813 1758 καί
831 1693 955 1778 ἠρκεῖτο
979 1696 1078 1758 εἰπεῖν
1095 1717 1150 1758 το-

14 1796 175 1865 ιῡσοότον
194 1793 211 1856 ό
232 1794 355 1878 κομψός
376 1793 634 1878 Πυθαγοριοτὴς,
655 1796 755 1860 δοκεῖν
774 1795 834 1874 μὲν
854 1791 941 1874 ἱερόν
957 1789 1037 1858 εἶναι
1059 1799 1209 1878 σιγῆςλὸό

60 1890 114 1956 διό
137 1889 170 1958 τό
202 1896 372 1977 ἐχεμυθεῖν
400 1893 440 1958 τό
463 1898 579 1976 πλείω,
617 1888 719 1969 όλλως
741 1897 776 1958 δὲ
801 1893 882 1958 sarai
904 1895 977 1969 τοός
991 1898 1150 1977 λοχιόιτας

59 1997 177 2074 πνίγων
204 1995 261 2076 τὴν
289 1992 425 2071 λοιλιόν,
448 1985 616 2078 ἅνθρωπος
650 1993 773 2076 ἐπέχων
801 1991 856 2058 καί
874 1992 910 2058 τό
945 1997 976 2069 ἐς
1000 1997 1150 2078 πονηρίαν

59 2091 230 2175 ιῖδιόρατος
251 2096 306 2158 καί
322 2091 358 2157 τό
379 2118 414 2176 ys
445 2095 618 2176 κρυψίνουν
643 2095 847 2178 uoluuntur.
901 2085 1013 2176 ἤκουεν
1043 2090 1086 2168 τός
1112 2091 1147 2156 τό

60 2196 239 2274 περίτειχος
268 2191 546 2275 καταλαμβάνεται
571 2191 623 2256 διό
648 2189 682 2257 τό
707 2195 873 2277 όνεχόρως
894 2190 989 2274 ἔχειν,
1011 2198 1065 2258 κατ’
1088 2219 1151 2257 πα..

15 2292 218 2374 Ωθρὲπεμτιεν
238 2291 315 2356 ariri
348 2300 419 2366 ταῖς
438 2292 575 2374 μητράσι
595 2293 656 2356 τιόν
688 2297 845 2372 πολεμίων
865 2291 1051 2374 παραβόειν,
1070 2287 1151 2357 ἔνθα

60 2387 308 2474 αιύχρορρήμων
327 2389 410 2456 εἴποι
432 2385 471 2454 όν
491 2391 582 2473 ιίνὴρ.
625 2392 848 2456 ἐπιλειπόντων
877 2391 993 2454 a’i'oroir
1014 2399 1077 2464 τοῖς
1097 2391 1151 2454 ε’πί
1197 2419 1199 2424 ·

61 2490 125 2551 τῶν
146 2493 276 2572 τειχέων
310 2483 348 2574 ἦν
381 2491 483 2572 βελιόν
507 2488 650 2576 ζήτησις·
708 2486 785 2554 itt
805 2489 860 2554 καί
886 2490 949 2552 ιιοό
970 2481 1011 2552 δν
1033 2489 1151 2562 αδτοός

64 2765 151 2834 gligit.
188 2781 238 2818 aec
257 2765 382 2820 dubitare
400 2776 526 2839 possunt,
545 2769 591 2838 qui
609 2785 664 2819 rem
680 2767 751 2820 bene
771 2773 884 2829 norunt,
905 2782 1029 2836 pamma
1068 2765 1149 2834 roprii

64 2837 183 2889 nominis
202 2837 341 2908 proditore
359 2840 488 2894 Davidem
514 2840 592 2890 illum
622 2839 785 2908 discrepasse
811 2841 840 2890 in
866 2840 914 2900 iis,
956 2855 1004 2888 uae
1025 2783 1150 2888 arlversus

64 2925 115 2959 nos
136 2909 200 2978 egit,
220 2909 272 2960 nisi
291 2913 351 2980 quis
369 2911 482 2962 calidius
500 2913 575 2980 quasi
588 2913 615 2962 in
635 2914 736 2961 trutina
756 2912 871 2977 positura
891 2855 1022 2976 proilituri
1043 2923 1148 2976 prorsus

64 2995 156 3048 parem
169 2995 228 3030 esse
243 2979 359 3032 duxerit.
377 2999 438 3032 nam
453 2991 559 3050 praeter
578 2982 716 3050 pactiones
734 2981 860 3030 instaret
881 2981 1021 3030 manifesta
1041 2977 1149 3038 indicia,

63 3067 136 3100 <crae
157 3059 247 3102 tamea
265 3052 390 3102 nonnulli
412 3051 452 3102 illi
473 3051 644 3122 exprobrant,
664 3053 692 3102 ia
714 3051 791 3102 rebus
813 3051 923 3120 reliquis
944 3047 1067 3100 omnibns
1086 3065 1151 3115 pro-

64 3121 162 3172 ‹itoris
179 3135 320 3191 personam
334 3121 437 3189 agebat.
459 3133 515 3174 erat
535 3123 575 3172 illi
595 3139 734 3173 commuue
753 3139 811 3172 cura
827 3119 975 3190 proditore,
994 3120 1039 3187 qui
1058 3127 1151 3186 aperta

66 3191 161 3242 trasule
181 3193 244 3260 agit,
264 3193 337 3262 quod
356 3193 559 3262 rempublicam
575 3193 749 3265 contemptim
770 3191 933 3259 negligebat,
952 3188 1002 3240 sibi
1022 3190 1072 3240 soli
1092 3205 1151 3254 gra-

66 3263 237 3325 tificabatur,
257 3272 366 3314 cunctos
387 3265 475 3332 perire
495 3263 613 3323 volebat,
645 3263 725 3314 modo
754 3266 810 3332 ipse
844 3277 946 3332 susque
972 3269 1149 3312 servarentur.

67 3337 251 3404 querebantur
275 3335 394 3398 milites,
421 3333 493 3404 quod
512 3334 725 3384 machinamenta
744 3334 822 3384 nobis
841 3349 896 3384 noa
925 3339 1015 3382 essent
1043 3328 1150 3387 itiones,

67 3405 166 3474 quibus
193 3406 280 3456 resisti
299 3413 390 3474 posset
402 3406 532 3456 ruacbinis
550 3405 683 3456 bostium:
699 3407 755 3464 ille,
774 3403 843 3454 nibil
857 3402 996 3463 sollicitus,
1017 3409 1048 3452 ut
1065 3401 1150 3450 corri-

68 3485 151 3544 geret,
169 3477 242 3546 quod
262 3476 472 3544 vituperabatur,
492 3475 708 3546 “quidudum'’
726 3475 802 3535 dixit,
821 3473 959 3546 etldixisre
973 3469 1149 3530 satislrabuit‚

68 3547 143 3599 valer
167 3549 243 3616 quasi
274 3548 477 3612 Pythagorius,
502 3550 547 3618 qni
582 3546 717 3598 videretur
748 3544 855 3614 quidem
878 3559 980 3596 sacrum
1006 3541 1150 3593 taciturni-

70 3619 134 3668 tatis
152 3633 208 3668 esse
227 3635 275 3682 eo,
294 3617 367 3688 quod
386 3620 511 3670 reticeret
529 3619 665 3690 pleraque„
695 3616 741 3668 sed
760 3631 849 3666 revera
867 3613 982 3666 subdole
1001 3627 1087 3662 coram
1106 3611 1150 3662 ia-

71 3687 229 3740 sidiantibus
249 3697 382 3758 premeret
400 3689 498 3751 verba,
517 3689 598 3740 bomo
620 3692 771 3744 continens,
799 3687 874 3738 cuius
894 3683 1016 3752 nequitis
1036 3681 1149 3750 perspici

69 3775 126 3807 non
149 3768 237 3823 posset
262 3769 288 3812 et
319 3759 470 3827 malignitas
499 3759 554 3811 alte
573 3761 676 3811 lateret.
723 3754 984 3821 arrdiebet,moeais
1003 3753 1149 3823 expugnari

69 3835 181 3898 propter
211 3829 407 3882 infirmitatem:
439 3830 624 3882 committebat
655 3845 707 3892 ea,
734 3836 765 3878 ut
791 3829 851 3896 quis
883 3825 982 3876 dixerit
1016 3824 1149 3885 dicacior,

71 3897 201 3950 nauibus
230 3897 347 3952 bostium
374 3901 518 3954 sarcienda.
562 3899 724 3950 deficiebant
747 3900 870 3964 sagittae,
899 3904 928 3947 et
954 3897 1001 3964 qui
1026 3895 1052 3945 in
1072 3910 1148 3945 muro

71 3977 161 4030 erant,
192 3983 259 4018 nova
287 3971 340 4020 tela
370 3973 548 4042 quaerebant:
575 3969 621 4020 ubi
646 3987 677 4020 es
704 3969 851 4031 inveniret,
880 3964 1074 4028 murmurabat,
1099 3980 1150 4016 acc

72 4039 154 4090 ‹tubat
173 4037 329 4108 quidquam.
349 4052 376 4092 et
397 4043 458 4094 urbs
472 4041 646 4108 affligebatur.
685 4041 856 4106 frangebatur
874 4037 1005 4098 maehina,
1022 4046 1050 4088 et
1070 4051 1151 4105 opor-

73 4113 147 4162 tebat
165 4127 222 4161 eam
243 4111 335 4173 refici,
354 4121 382 4162 et
410 4116 510 4182 lignum
532 4111 736 4182 anquirebatnr:
757 4111 866 4162 ubinam
891 4110 992 4176 lignum
1011 4116 1090 4168 esset,
1108 4123 1151 4157 rs·

123 4223 175 4274 tra
196 4223 403 4276 Grummatirur.
929 4221 963 4272 28

133 4297 145 4328 δ
