2776 4612
246 312 300 372 nu
317 307 622 408 urrusetnoutct
642 307 670 370 u
689 307 846 370 ut'rrnrs
866 279 1008 372 curru.
1097 291 1169 368 tou

189 462 259 524 Καί
278 456 400 524 ἔσονται
423 457 565 538 ἀοίδιμοι
588 458 622 520 δν
642 455 765 532 τούτοις
795 453 824 520 oi
846 457 900 539 τῆς
920 453 1040 538 ἡμέρας
1061 458 1173 522 ἐκεῖνον

81 561 202 638 πιστοί,
227 561 463 631 Κανσταντῑνος
484 551 500 618 ἀ
523 554 704 640 Πατρηνὸς,
729 553 763 620 τὸ
783 557 838 638 τῆς
854 555 1016 630 κολακείας
1036 554 1174 639 ἠκριβω-

83 663 182 740 μένον
201 657 381 742 ἀφίδρυμα,
404 655 459 720 καί
479 655 495 720 ὸ
522 653 692 738 άπλούχενρ
717 653 868 735 Μιχαὴλ,
891 653 970 736 ἀνήρ
992 650 1096 735 γλοιὸς
1116 654 1174 734 μὲν

85 755 338 822 πολιτεύσασθαι
372 753 529 840 στρυφνὸς
558 757 594 818 δὲ
623 755 889 845 πονηρεύσασθαι.
930 745 969 837 ἢν
997 755 1033 816 δὲ
1052 754 1110 816 καί
1128 775 1176 826 τις

56 852 170 938 5ἀνη’ρ
207 852 340 934 λάμπων
367 853 401 918 ἐν
421 863 485 928 τοῖς
518 847 673 928 τοιούτοις
694 849 775 917 ἀοιί
790 873 850 918 που
874 851 928 916 καί
949 848 1089 935 φρυκτὸς
1107 849 1176 916 ἀλδ-

87 961 193 1037 θριος,
213 957 309 1032 μίσος
329 945 368 1036 ἦν
390 948 441 1018 ὅτε
460 950 517 1036 την
536 948 644 1036 τύχην,
672 947 792 1033 πατρὸς
812 950 911 1036 δκφύς
934 951 1039 1029 δεξιοῦ
1058 953 1176 1032 λογιζο-

88 1061 168 1118 σθοι
189 1053 225 1120 τά
246 1050 384 1138 δημόσια
406 1056 461 1118 καί
481 1050 676 1133 δμβαθύνειν
706 1053 898 1132 κλίμμασιν·
940 1052 1100 1135 Στέφανος
1119 1051 1178 1129 μὲν

89 1153 126 1218 sd
145 1155 273 1239 κύριον,
301 1150 337 1216 τὸ
362 1153 397 1216 δὲ
418 1155 465 1216 ἐπ’
487 1152 574 1239 αύτῷ
596 1146 949 1235 Ἅγιοχριστοφσράης·
992 1145 1025 1224 ὸς
1042 1149 1178 1228 μεταθδ.

88 1275 183 1334 μενος
201 1255 234 1331 ἐξ
253 1241 306 1328 ,ὧν
340 1248 356 1315 ὸ
380 1249 459 1316 κατά
478 1251 555 1315 θεὸν
577 1249 749 1332 διάκειται,
776 1251 1096 1334 Ἀντκχριστοφορίτης
1117 1273 1178 1310 αα-

43 1363 80 1416 10
90 1359 265 1436 ριονυμεῖτο
299 1357 365 1428 τοῖς
385 1344 466 1434 ὸρθύ
500 1349 617 1416 soerias.
659 1350 770 1413 τοῦτον
792 1347 809 1410 ὸ
830 1350 890 1429 μὲν
912 1346 1041 1432 φθάσας
1065 1347 1178 1430 χρόνος

89 1447 334 1535 παρεσημήνατο
362 1451 407 1524 εἰς
429 1446 600 1532 ἀνδριάντα
620 1445 824 1535 φαυλότητος.
878 1443 1033 1530 κηδεύσας
1053 1447 1114 1528 γάρ
1138 1443 1177 1508 ού

90 1553 165 1614 καθ’
185 1543 319 1633 ἑαυτὸν,
338 1547 418 1614 ἀλλά
453 1543 765 1633 πανουργευσάμενος
786 1541 867 1630 dado
890 1545 981 1624 ἀξίαν
1001 1545 1101 1628 γάμον
1120 1545 1177 1608 su‘-

90 1649 312 1732 yut-traaas
333 1647 489 1729 τιμωρίαν
510 1648 567 1710 ούκ
590 1647 719 1731 ἀγεννῆ·
771 1642 826 1720 τάς
849 1641 939 1732 ῥῖνάς
958 1667 992 1708 τε
1012 1642 1073 1728 γάρ
1099 1643 1177 1708 ἀπε-

91 1749 211 1832 σχίσθη
235 1743 291 1811 ἀει
310 1746 355 1830 μη
378 1749 479 1820 καλῶς
502 1742 736 1832 φριμαξάμενος
750 1749 823 1808 καθ’
843 1735 880 1828 ἧς
901 1737 958 1809 ούκ
978 1739 1104 1829 ἔπρεπε,
1124 1747 1179 1809 καί

46 1851 157 1912 ιοτοδν
178 1848 279 1912 αδτού
300 1843 405 1910 νιύτονν
423 1846 675 1930 σωφρονιοτῆρες
695 1843 823 1928 ἱμάντες
843 1839 1086 1926 κατεχάρευσαν.
1123 1843 1179 1910 καί

94 1943 181 2026 ὅμως
218 1943 332 2028 ἰταμὸς
361 1937 405 2009 τὸν
433 1943 487 2010 καί
510 1942 566 2027 την
594 1943 745 2030 αἰσχύνην
772 1942 834 2008 ἀπὸ
857 1941 1027 2028 προσάπου
1047 1947 1179 2024 θέμενος

94 2039 152 2110 σύκ
174 2041 333 2128 ἀπήγαγεν
354 2040 467 2110 ἑαυτὸν
491 2047 549 2109 soii
570 2048 814 2130 προφαίνεσθαι,
833 2042 878 2127 μὴ
901 2045 956 2108 καί
964 2047 1085 2131 γελρλτο,
1108 2042 1178 2108 ἀλλ’

94 2137 147 2210 οἷα
178 2147 277 2230 μηδὲν
299 2170 330 2209 τι
363 2141 458 2207 κακὸν
488 2141 648 2228 δεδρακιὸς
673 2142 862 2230 περιήρχετο
887 2139 966 2208 ἔνθα
987 2143 1042 2209 καί
1061 2143 1178 2232 αρρὸην,

93 2246 315 2330 φιλενδεικτάν
335 2240 371 2308 τὸ
393 2243 514 2326 θράσος
536 2245 590 2306 καί
617 2241 868 2324 ἐπιδεικνύμενος
886 2239 922 2307 τὸ
942 2241 987 2326 μὴ
1005 2243 1178 2324 αἰδεῖσθαι,

46 2347 152 2408 noxus·
171 2338 253 2407 ούτιο
277 2342 462 2424 βιαζόμενος
491 2340 527 2405 τὸ
555 2345 654 2424 μηδὲν
674 2366 706 2407 τι
737 2343 861 2428 φαῦλον
881 2338 902 2426 ἢ
923 2345 1054 2426 ποιῆσαι
1073 2336 1096 2426 ἢ
1114 2365 1177 2404 πα.

95 2449 176 2507 θεῖν.
218 2441 260 2516 uic
280 2444 316 2506 δὲ
336 2443 524 2526 περιεωρᾶτο
546 2439 625 2525 πρὸς
645 2431 778 2528 πάντων,Ι
798 2444 852 2506 καί
864 2445 922 2505 τού
940 2440 1044 2525 γάμου
1064 2462 1099 2508 τε
1121 2442 1179 2506 τοῦ
1262 2453 1266 2458 “

95 2541 224 2626 ύιμηλού
255 2532 293 2626 ἢν
321 2539 475 2622 ἔκπτωεος
504 2543 559 2604 καί
590 2541 665 2606 ούδί
685 2565 755 2606 τινα
786 2536 870 2623 εἶχεν
889 2533 997 2626 ἀλλην
1014 2537 1179 2622 ἀνάβασιν,

96 2641 165 2706 ἀλλ’
195 2639 228 2708 ἐν
251 2649 348 2716 κενοῖς
379 2639 431 2716 τάς
450 2639 630 2722 βασιλείους
649 2636 752 2724 θύρας
772 2641 917 2726 ίξέτριβε,
936 2637 1087 2724 λαγχάνει
1107 2643 1180 2706 ποτὲ

166 2953 255 3024 Atque
273 2952 398 3006 laudibus
416 2953 445 3004 in
459 2950 500 3004 bis
518 2951 638 3004 iurentur
655 2951 748 3004 fideles
767 2951 821 3014 isti,
836 2950 1028 3004 Constantinus
1041 2952 1179 3014 Patrensis,

99 3022 266 3075 adulationis
282 3024 379 3091 effigies
396 3023 608 3086 absolutissima,
628 3032 657 3074 et
674 3024 802 3092 simplicis
819 3039 913 3074 manus
931 3024 978 3074 iiie
999 3021 1123 3086 Micbnei,
1140 3025 1181 3076 vir

100 3093 216 3146 bisndoe
234 3095 263 3150 in
280 3096 403 3162 negotiis,
421 3110 500 3164 asper
516 3092 546 3144 in
562 3094 703 3164 nequitiia.
739 3101 796 3145 erat
817 3093 897 3146 etiam
918 3095 958 3146 vir
974 3095 1044 3146 inter
1063 3094 1125 3146 iitoe
1146 3094 1182 3144 ii-

101 3167 193 3217 lustris
212 3173 340 3234 tanquem
360 3163 439 3216 taeda
460 3163 559 3226 lucida,
578 3163 706 3216 mediocri
724 3162 859 3234 quondam
878 3165 994 3226 fortuna,
1012 3172 1089 3234 petre
1103 3171 1182 3215 notua

102 3234 197 3290 dextro
214 3235 250 3288 ad
266 3237 406 3304 pecuniam
425 3233 564 3306 pubiicum
584 3235 751 3290 inserendam
770 3235 940 3298 rationibus,
958 3235 1131 3287 auferendam
1150 3251 1184 3285 en

101 3307 220 3369 aerariis,
240 3305 392 3374 Stephanus
406 3307 526 3366 nomine,
544 3305 1016 3376 cognomineHagionbristophorita,
1038 3307 1094 3376 qui,
1113 3321 1184 3373 quo-

100 3377 174 3430 niam
182 3375 326 3439 abiecerat,
336 3377 481 3429 secundum
491 3391 561 3446 quae
571 3378 673 3438 risunt,
682 3377 730 3446 qni
744 3379 790 3448 pie
801 3378 904 3439 visunt,
913 3375 1186 3444 Antichristopborita

103 3447 346 3516 cognominabatur
363 3447 397 3498 ab
419 3449 461 3512 iis,
481 3447 530 3518 qui
549 3453 622 3500 rente
640 3450 781 3500 sentirent.
817 3448 889 3502 bunc
907 3450 995 3519 priora
1015 3457 1134 3516 temporo
1157 3453 1188 3496 ut

104 3527 220 3572 statuam
240 3518 380 3590 nequitiae
400 3525 570 3572 notaverant.
592 3519 693 3570 etenim
712 3535 794 3571 uxore
811 3521 932 3589 quaesita
950 3535 1005 3570 non
1022 3537 1075 3640 ριο
1094 3515 1188 3567 condi-

105 3589 182 3642 tione
201 3607 257 3653 sua,
283 3589 331 3642 sed
350 3605 431 3658 supra
448 3589 533 3658 ipaius
551 3587 709 3657 dignitatem
728 3589 825 3653 nobili,
846 3605 948 3660 poenae
966 3589 1018 3640 hau
1056 3585 1189 3656 ignobiles

107 3659 192 3712 dedit.
227 3677 346 3732 namque
366 3659 475 3712 naribus
493 3661 615 3729 privatus
634 3666 684 3722 est,
702 3659 777 3730 quod
793 3659 961 3712 adhinniunt
976 3658 1048 3710 hond
1066 3657 1190 3719 honeste,

108 3731 226 3802 coinon
242 3723 383 3794 debuerat,
401 3737 430 3781 et
447 3729 476 3780 in
502 3738 605 3798 tergum
631 3731 689 3782 eine
712 3729 817 3797 flagella
840 3731 1003 3782 insiluerunt
1022 3727 1189 3796 contigentia.

109 3800 201 3851 verum
218 3817 272 3872 qua
291 3809 350 3855 erat
365 3801 498 3872 procacia,
518 3801 590 3852 omni
604 3797 708 3870 pudore
725 3799 862 3870 deposita,
883 3799 956 3851 baud
975 3798 1137 3860 abstinebat,
1157 3813 1193 3850 ne

111 3869 177 3922 rieui
193 3879 271 3934 esset,
285 3873 429 3942 quominus
448 3871 477 3922 in
491 3869 628 3939 pubiicum
642 3869 773 3940 prodiret,
791 3869 839 3922 sed
857 3881 902 3924 tan
925 3887 984 3921 uam
996 3867 1065 3921 nihii
1085 3869 1194 3920 conami-

110 3941 199 4004 sisset,
210 3939 366 3995 circumibat
376 3941 422 3994 ubi
432 3947 495 3994 ante
505 3939 601 3992 solitus
612 3942 708 4003 iuerat,
717 3948 853 3996 ostentane
867 3887 1005 3992 audaciam
1015 3949 1043 3994 et
1053 3939 1196 4010 impuden-

110 4013 184 4076 tiam,
197 4017 279 4080 atque
288 4013 326 4064 ita
336 4016 454 4084 speeiem
467 4013 602 4076 anorum,
614 4023 646 4064 eo
663 4011 686 4063 si
697 4011 768 4064 nibil
780 4019 858 4082 turpe
873 4020 920 4064 aut
930 4013 1036 4065 iecisset
1050 4020 1097 4064 aut
1106 4025 1198 4082 persus

111 4091 193 4136 esset·
212 4081 306 4152 itsqoe
317 4099 399 4154 quum
411 4083 448 4136 ab
465 4082 589 4137 omnibns
600 4089 817 4136 contemneretur
827 4091 854 4135 et
867 4084 1036 4138 matrimonio
1051 4085 1099 4138 iiio
1114 4081 1199 4134 subii·

110 4155 147 4208 rni
168 4153 312 4208 excidisset
323 4172 372 4208 nso
386 4153 467 4208 elium
477 4155 583 4210 rideret
594 4169 750 4222 ascensum,
770 4154 817 4208 aed
828 4157 1009 4226 imperatoriae
1026 4155 1123 4208 frustra
1136 4152 1200 4206 sati·
