2750 4602
228 241 301 319 ott
482 256 539 318 aa
568 253 732 320 uuonan
761 253 1068 319 onimiurtcun

227 426 294 481 erat
315 415 478 479 literarum
492 417 622 496 amicus,
644 415 831 478 domesticos
845 413 949 498 plnres
969 437 1022 478 seu
1035 415 1216 490 familiar-ea,
1239 437 1328 499 quo·

228 525 298 564 rum
331 501 395 584 ipse
412 500 514 564 studia
547 503 679 570 foveret.
723 499 775 561 vix
805 499 973 584 quicquam
995 500 1090 561 Leoni
1111 505 1325 582 grammatico

226 607 263 648 ac
286 606 440 668 anonymo
463 583 506 644 itti
527 582 741 648 continuatori
762 603 927 646 commane
950 582 989 644 ad
1012 604 1108 666 usqne
1128 583 1236 646 Basilii
1254 587 1326 645 Ma-

226 667 351 732 cedonis
371 669 475 744 vitam,
495 689 576 750 qnae
589 671 653 752 ipsa
668 689 731 728 non
746 667 971 728 continuatoris
988 667 1131 750 anonymi
1145 667 1202 729 sed
1227 668 1324 750 ipsias

225 752 420 814 Constantini
432 749 533 812 Basilii
549 753 670 834 nepotis
693 750 870 811 lucubratio
888 759 945 810 est:
970 749 1001 810 in
1016 749 1142 832 reliquis
1166 752 1325 834 pleraque

226 835 345 912 affinia,
369 835 555 916 plerumque
577 836 670 898 etiam
686 833 794 896 iisdem
810 832 913 895 verhis
928 841 1091 915 concepta,
1114 843 1170 894 aut
1192 856 1229 896 er
1257 835 1323 896 aliis

224 921 283 980 ntia
306 919 387 978 facta
401 919 554 1000 tantisper
573 919 698 980 mutatis
712 915 850 994 vocibus,
870 926 907 977 ut
927 917 1060 978 atterum
1078 915 1206 980 atterius
1231 941 1321 980 usum

225 1001 386 1070 tahoribns'
407 1001 593 1064 accessesit.
638 1001 836 1064 afusiorihns
856 1000 932 1060 mihi
953 1001 1040 1062 Notis
1064 1003 1319 1084 temperandum,

226 1087 260 1148 iis
288 1085 437 1147 duntaxat
463 1085 624 1162 breviter,
645 1081 749 1168 quoad
781 1083 895 1159 licebit,
931 1083 1073 1166 expositis
1099 1107 1181 1167 quae
1203 1085 1319 1148 lectori

224 1191 346 1231 moram
366 1169 496 1232 iniicere
515 1175 649 1250 possent,
668 1187 722 1230 sua
745 1169 806 1228 inm
827 1166 909 1228 mole
931 1167 1113 1248 importuno
1135 1168 1204 1231 sere
1227 1170 1320 1230 votu-

224 1253 327 1330 mine,
362 1273 399 1314 ao
428 1273 499 1314 cum
521 1253 662 1316 futurum
693 1251 732 1314 sit
752 1257 789 1312 ut
811 1249 842 1312 in
864 1253 1005 1334 sequenti
1033 1251 1142 1313 eadem
1162 1253 1318 1350 perplura
1351 1235 1352 1264 ¹

224 1348 401 1414 recurrant,
424 1345 478 1398 aut
500 1337 610 1420 quihus
630 1333 707 1396 haec
727 1343 826 1395 essent
838 1331 1029 1400 illustranda.
1071 1333 1185 1397 Leonas
1205 1343 1319 1398 Arme.

219 1419 351 1498 uiuite,
371 1421 507 1482 subiecta
526 1419 724 1501 Theophanis
747 1419 846 1499 operi,
866 1418 987 1480 incerto
1009 1425 1140 1480 anctore
1162 1441 1199 1482 ex
1219 1421 1316 1502 Regio

223 1501 393 1586 producta,
408 1504 493 1588 prins
515 1501 580 1586 ipra
593 1501 793 1582 recensenda,
818 1521 898 1585 qaue
918 1521 975 1564 nec
992 1501 1059 1585 ipsa
1069 1501 1248 1585 spernenda
1264 1513 1318 1565 est.

307 1603 322 1665 1
365 1598 421 1665 noi
439 1601 547 1666 toenia
574 1596 722 1683 Μιχαήλ]
744 1602 787 1664 ita
803 1623 848 1666 ms
868 1601 939 1664 cod.
962 1603 1015 1686 qui
1031 1601 1140 1666 modus
1163 1603 1316 1688 loquendi

224 1684 340 1748 indicat
361 1709 423 1750 esse
442 1685 573 1784 haeclex
586 1685 731 1830 pleniori
754 1685 894 1783 historia,
918 1685 959 1748 ad
980 1688 1231 1770 supplementum
1255 1689 1315 1749 ali-

225 1771 312 1854 qnod
336 1769 567 1853 Chronotograc
616 1769 795 1854 heophams,
817 1777 966 1832 extracta.

306 1871 325 1932 2
368 1869 477 1933 lacuna
507 1869 597 1933 facile
625 1869 783 1932 sarcienda
814 1892 849 1932 ex
877 1869 1092 1952 Theophane,
1113 1871 1169 1954 qni
1191 1879 1224 1933 et
1246 1869 1312 1952 ipse
1351 1919 1352 1948 ,

220 1952 325 2038 primo
348 1952 503 2015 Michaelis
527 1975 608 2014 anno
632 1962 819 2016 coronatum
848 1953 892 2014 ait
913 1955 976 2014 eius
997 1953 1094 2014 filium
1116 1954 1313 2038 'l’lreophyia-
1351 1957 1352 2016 t

221 2046 306 2098 ctum
327 2036 377 2102 die
409 2037 449 2098 νδ
469 2037 668 2100 Decembris:
690 2037 833 2120 adeoque
864 2036 1016 2118 seriptum
1038 2037 1078 2098 sit
1099 2033 1221 2110 εἰςτὰς
1240 2035 1311 2116 inp.
1351 2027 1352 2096 Ῐ

218 2114 277 2191 τὰς
297 2119 358 2182 τῶν
378 2119 522 2202 Χριστοῦ
549 2120 684 2199 γεννῶν,
702 2121 759 2181 nisi
789 2131 903 2182 auctor
930 2121 1071 2182 affectata
1091 2121 1244 2184 brevitate
1266 2127 1311 2184 sic

219 2203 340 2265 locatus
363 2213 426 2280 est,
451 2213 486 2263 ut
507 2211 539 2263 et
557 2203 639 2264 infra
662 2227 693 2286 p.
717 2199 779 2266 433
803 2207 938 2266 Leonem
960 2223 1126 2266 coronasse
1148 2205 1245 2267 filium
1265 2209 1308 2268 ait

219 2282 413 2368 φθασάντων
442 2285 504 2348 τῶν
528 2279 666 2365 ἑοριῶν;
700 2288 876 2384 iterumque
904 2288 1018 2350 eodem
1038 2287 1133 2350 modo
1158 2291 1307 2374 loquitur,
1351 2361 1352 2366 η

220 2391 293 2432 cum
313 2371 352 2434 de
374 2370 452 2431 itlius
472 2371 544 2430 heta
565 2371 666 2432 crucis
689 2391 726 2432 ac
746 2372 884 2452 imaginis
908 2370 1101 2433 adoratione.

303 2465 324 2531 3
365 2467 526 2540 ποιοῦντες
554 2465 774 2547 μαϊονμάδας,
796 2471 876 2530 Mart·
901 2469 1044 2532 kalendar
1069 2471 1200 2555 napudio
1229 2474 1307 2534 cele·

222 2554 358 2615 bmntes:
391 2552 430 2615 de
450 2573 510 2636 qua
534 2553 666 2633 profana
687 2554 866 2616 celebritate
887 2555 1046 2630 Meursius,
1067 2556 1208 2616 Lacerda
1228 2566 1286 2618 etc.

301 2650 324 2714 4
365 2649 422 2714 καί
438 2647 549 2713 λοιπὸν
579 2647 697 2724 ἰδόντες
724 2647 837 2730 πάντα]
867 2653 906 2715 de
929 2653 988 2715 hac
1013 2653 1232 2734 Orientalium,
1252 2679 1305 2720 eo.

221 2757 354 2820 rumque
374 2737 467 2796 Ducis
490 2735 603 2796 Leonis
618 2738 742 2798 Armeni
766 2735 939 2799 desectione
961 2759 1024 2798 non
1046 2757 1153 2799 omnes
1176 2761 1305 2803 cousen-

220 2819 312 2880 tinnt.
364 2839 435 2879 cum
468 2829 600 2879 auctore
632 2819 706 2879 sarit
732 2821 865 2902 ignatius
889 2819 1055 2894 diaconos,
1080 2845 1115 2884 er
1137 2845 1201 2908 quo
1228 2827 1307 2922 feste
1351 2881 1352 2894 ,

219 2902 377 2983 acceperit
402 2903 477 2986 ipse,
501 2912 537 2974 ut
560 2901 780 2964 etCedrenns:
804 2903 882 2980 πρὸς
904 2899 977 2976 τούς
998 2903 1051 2965 ἐπὶ
1071 2903 1201 2987 Θρᾴκην
1224 2907 1305 2969 Oar-
1351 2911 1352 2974 t

217 3003 290 3055 νονς
311 2980 444 3062 πόλεμος
465 2983 509 3068 τῷ
527 2985 658 3062 βασιλεῖ
673 2981 907 3068 συγκεκρότητο,
932 2987 965 3050 ἐν
987 2973 1013 3073 qi
1032 2989 1089 3066 τῆς
1109 2987 1201 3071 ἥττης
1213 2992 1308 3054 Λέων

217 3069 428 3151 πρωτεργέιης
456 3067 622 3148 γενόμενος
642 3065 736 3131 παντὶ
748 3067 790 3154 τῷ
807 3069 1006 3158 στρατοπέδῳ
1026 3068 1083 3150 τὴν
1102 3071 1171 3154 μετ’
1191 3067 1308 3153 nioli-
1351 3125 1352 3150 ,

216 3171 271 3232 νης
292 3150 397 3233 φυγήν
418 3147 619 3230 incriminato.
1351 3183 1352 3196 κ

300 3249 320 3310 5
362 3251 565 3330 τροποῦνται]
597 3251 722 3312 insidms
741 3253 866 3314 hostibus
894 3268 1016 3316 sineere.
1069 3256 1223 3318 familiaris
1246 3281 1307 3321 vox

222 3331 405 3415 theophani
435 3357 472 3396 eo
500 3355 588 3395 sensa
609 3331 645 3394 τό
664 3335 872 3416 προνοεῖσθαι.
925 3339 990 3419 ipsa
1011 3339 1178 3423 elegantius
1197 3339 1308 3403 Τῐιεο.

217 3417 335 3498 phanes
352 3415 503 3496 λογισμοῦ
523 3437 606 3490 τινος
626 3414 762 3498 τρόπον,
784 3419 827 3482 ait
855 3441 921 3482 rem
944 3423 1095 3486 Crumnm
1115 3423 1307 3504 existimasse,

216 3499 393 3562 immunem
412 3501 564 3585 quandam
583 3515 702 3562 struem.

300 3599 321 3660 o
361 3621 451 3662 socer
472 3599 559 3662 cuins
583 3598 641 3662 deo
671 3600 802 3662 invisum
825 3602 865 3664 im
909 3603 991 3668 rium
1015 3605 1058 3670 ait
1080 3607 1224 3688 Michatt,
1251 3609 1307 3672 Ni.

216 3683 373 3766 cephorus
395 3694 451 3762 est,
472 3685 558 3746 cuius
580 3692 649 3746 erat
670 3685 829 3768 Procopia
852 3687 915 3748 fria
936 3689 1093 3752 Michaelis
1117 3713 1208 3756 uxor.

300 3787 319 3850 7
361 3780 495 3863 ποιήσας
528 3779 712 3867 ι’διόχενρον]
744 3784 787 3848 ita
816 3787 996 3868 patriarcha
1025 3791 1224 3870 enitebatur,
1256 3793 1306 3856 sed

215 3885 279 3926 non
301 3865 441 3964 ohtipnit
461 3868 573 3938 Leonis
595 3877 663 3930 astu
695 3871 865 3952 deceptus,
888 3893 954 3936 ram
986 3871 1193 3938 differendam
1213 3897 1305 3959 prae-

215 3956 344 4010 texentis
367 3971 396 4010 ιη
413 3959 533 4032 tempus
545 3951 628 4012 aliud
644 3955 849 4030 commodius,
870 3977 905 4018 ac
918 3956 971 4016 ubi
986 3959 1196 4040 capessivisset
1209 3961 1307 4040 impe-

216 4030 309 4172 pium,
331 4031 376 4092 uti
392 4035 495 4096 multis
512 4037 647 4118 ignatius
669 4033 827 4118 diaconus,
853 4057 908 4100 nec
929 4062 991 4104 uon
1012 4043 1220 4106 continuator
1244 4047 1305 4104 Vs.

231 4131 345 4174 acanus.
