2750 4602
489 247 494 254 '
560 235 707 310 NOTAE.
1107 231 1179 304 510

172 386 215 451 36
257 387 347 450 huius
378 389 576 452 Constantini
603 389 807 450 consuntiem
836 395 933 472 atque
954 407 1084 470 operase
1104 413 1182 453 con-

85 473 246 536 firmando
266 471 442 554 TixeopisiIo
465 473 596 555 pulchre
624 482 751 536 enarrat
774 469 914 533 laudatus
935 479 1057 536 auctor.

172 572 213 636 87
253 569 289 634 τὸ
326 571 585 654 Σαξιμοδέξκμοκ]
619 573 745 656 exponit
776 571 980 634 continuator
999 572 1076 656 quid
1100 573 1182 637 istud

86 659 120 720 in
144 677 182 720 eo
205 657 294 720 fonte
316 665 401 718 esset.

173 753 215 820 38
256 751 366 837 αὐτόν]
389 755 496 817 melius
519 752 622 832 edroi,
646 753 792 840 deestque
807 777 866 816 vox
880 755 993 900 clipea,
1015 777 1076 840 que
1092 779 1183 840 prae-

89 849 142 903 ter
170 837 307 902 subditos
339 841 445 900 Persas
482 837 533 900 aiii
571 839 784 922 significentur
817 839 928 920 Theop
954 839 1015 901 oho
1056 839 1182 905 addicti.

89 927 222 986 Amastri
253 921 423 986 consedisse
452 917 531 1000 persi
553 923 646 984 rassin
668 921 817 1000 sanatam
845 921 971 1003 ἀνδρῶν
992 922 1088 988 hebet
1108 949 1183 987 ano-

89 1029 211 1090 nymus,
241 1029 311 1068 cnm
342 1005 520 1088 Theopbiio
549 1016 706 1088 suspectus
740 1007 778 1068 eis
799 1029 837 1068 eo
862 1007 1016 1080 discessit;
1051 1009 1104 1091 qui
1127 1011 1184 1092 ipsi

88 1091 269 1166 videantur,
290 1111 350 1174 per
372 1112 449 1173 quos
471 1111 579 1152 rernm
599 1111 757 1152 summane
778 1092 809 1152 in
832 1089 1064 1173 Theophoisnm
1086 1101 1184 1154 trans-

89 1177 215 1236 feretur
236 1177 324 1236 timet
344 1173 547 1257 Theophilus.

177 1271 217 1336 39
237 1273 277 1356 τῇ
293 1271 327 1334 di
344 1267 370 1332 oi
385 1273 532 1356 κυριακῇ]
551 1273 674 1336 videtur
688 1273 739 1336 isio
752 1273 862 1352 hiatus,
885 1283 920 1334 ut
932 1273 1059 1355 incipiet
1073 1283 1186 1337 auctor

93 1359 215 1418 referre
237 1357 396 1416 historiam
419 1358 621 1420 restitutionis
645 1361 811 1442 imaginum
832 1359 934 1439 prima
957 1357 1007 1417 iiia
1031 1355 1185 1421 dominica

92 1439 356 1522 quadragesimae,
383 1461 475 1523 quam
501 1442 604 1502 moitis
637 1445 839 1504 continuator
859 1442 933 1502 Vat.
958 1444 1183 1542 prosequitur;

91 1525 149 1584 nisi
172 1525 358 1605 compendio
393 1523 436 1583 sic
462 1527 525 1586 Leo
552 1525 684 1606 scripsit.
733 1520 790 1605 τήν
810 1524 976 1605 ἐκκλησίαν
1005 1524 1185 1604 εἰρηκευσεκ

89 1607 127 1688 κῇ
151 1599 178 1668 α’
201 1609 335 1687 neptuni
354 1606 415 1668 sois
436 1603 533 1686 sistus
554 1610 704 1690 νηστειῶν
725 1609 870 1670 eccesiae
886 1626 999 1690 pacem
1018 1611 1182 1694 composuit

88 1691 250 1752 dominica
266 1671 374 1772 prima
400 1691 674 1796 quadragesimae.
717 1701 785 1753 tum
804 1700 952 1774 sequatur
973 1691 1011 1756 de
1032 1689 1183 1754 theocti-

88 1775 130 1836 sti
153 1771 371 1855 expeditione:
393 1773 573 1836 naicresiev
594 1773 629 1836 di
651 1766 850 1837 Θεόκτιστον.

176 1871 217 1934 40
258 1870 314 1934 καί
339 1866 395 1952 τὴν
418 1869 551 1956 φυγάδα
579 1875 617 1936 sit
636 1873 692 1934 sni
711 1867 768 1953 τὴν
796 1868 902 1956 φυγήν
923 1871 959 1936 δὲ
982 1881 1104 1955 apuam
1121 1877 1184 1957 fis·

87 1977 222 2042 ganipae
242 1957 411 2040 expedivit,
433 1956 562 2018 ossdiens
576 1958 747 2056 Aupsstam
759 1959 854 2018 alium
875 1959 1094 2044 imperatorem
1114 1979 1183 2020 crc-

87 2061 174 2100 asse:
200 2042 250 2102 cui
272 2041 354 2102 torte
376 2039 545 2122 nupsisset,
568 2043 613 2102 nti
634 2063 665 2102 m
688 2041 900 2124 superioribus
929 2051 960 2102 et
982 2042 1183 2126 sequentibus

91 2143 155 2184 non
178 2124 289 2186 desunt
312 2145 391 2208 qnae
418 2125 461 2186 sic
484 2125 643 2206 assumptis
673 2125 704 2184 in
727 2125 855 2185 maritos
878 2125 1002 2206 imperii
1024 2128 1104 2187 seces
1127 2125 1184 2186 dc-

91 2207 210 2282 tuiere;
239 2207 334 2291 idque
355 2207 538 2268 Theoctisto
572 2207 770 2270 formidabile
784 2207 872 2291 „qui
895 2210 1028 2290 pneruio
1050 2210 1185 2292 impera-

90 2301 175 2363 tore,
201 2311 237 2352 ac
258 2299 359 2352 matre
379 2295 522 2374 Augusta,
544 2311 660 2352 summa
683 2292 714 2352 iu
737 2292 807 2350 auia
829 2293 1017 2353 auctoritate
1037 2293 1184 2374 polleret.

92 2373 170 2435 nihii
192 2395 267 2457 ergo
301 2395 421 2437 necesse
452 2382 563 2438 contre
583 2383 682 2436 textus
708 2373 799 2435 iidem
827 2373 984 2453 reddere,
1017 2377 1184 2458 Angustam

90 2459 166 2521 urbe
174 2459 309 2538 fugisse.

175 2556 214 2620 41
258 2551 311 2618 τὸν
333 2552 430 2620 assisis
450 2549 558 2636 πάλιν]
582 2557 720 2618 nihithic
735 2557 884 2634 hiulcum,
905 2557 958 2620 sed
982 2565 1054 2640 post
1073 2577 1183 2620 vocem
1247 2551 1251 2559 ’

92 2642 222 2723 φανείς,
253 2651 287 2702 ut
309 2643 404 2704 fuerit
432 2641 587 2724 descripta
610 2643 673 2703 eins
694 2643 723 2702 iu
760 2643 870 2703 urbem
889 2643 1040 2724 receptio,
1060 2641 1183 2703 tametsi

93 2745 160 2786 rem
182 2724 225 2786 sic
249 2726 328 2788 maie
355 2725 386 2786 in
413 2727 505 2788 Creta
536 2733 689 2807 gesseret3
718 2733 930 2807 sequaturque
965 2725 1100 2787 iniuncta
1125 2725 1183 2786 atie

91 2807 270 2889 expeditio,
292 2809 323 2870 in
345 2831 406 2892 qno
431 2809 507 2870 nihil
528 2809 645 2892 felicips
674 2809 795 2870 cessisse
815 2807 996 2872 Theoctisto
1019 2811 1084 2892 ipsa
1106 2807 1183 2870 haec

90 2891 201 2954 Leonis
224 2893 331 2954 mutila
352 2893 501 2970 indicant,
525 2893 566 2954 ob
583 2891 661 2952 iliius
682 2893 877 2956 severitatem
900 2891 1037 2976 odioque
1059 2894 1091 2954 in
1112 2915 1182 2956 cum

95 2974 278 3058 quibusdam
301 2975 484 3058 proceribus
506 2977 546 3038 ad
566 2977 734 3038 Saracenos
764 2974 985 3038 deficientibus.

171 3076 212 3138 42
253 3067 438 3154 ἀπέχθειαν]
471 3099 639 3161 anonymus
667 3077 724 3138 ista
746 3078 935 3160 suppressit,
955 3083 1042 3139 utet
1062 3075 1182 3138 Cedre-
1256 3119 1260 3130 x

92 3181 149 3220 nus
171 3159 231 3220 viri
253 3159 337 3220 forte
360 3163 543 3239 reverentia,
565 3183 659 3246 quem
680 3183 761 3244 pene
782 3171 946 3224 auctorem
968 3161 1182 3223 restituturum

92 3243 260 3327 imaginum
284 3254 466 3326 agnoscunt.

176 3339 218 3404 43
260 3337 277 3402 d
310 3337 435 3426 Κόμης]
464 3341 609 3406 emendat
633 3343 668 3406 Ρ.
693 3345 789 3422 Goar,
812 3367 874 3408 non
909 3345 1009 3406 bene:
1042 3343 1065 3402 is
1097 3341 1180 3405 enim

95 3425 154 3486 iam
176 3427 322 3504 obierat,
354 3427 461 3508 primis
482 3427 547 3489 fere
567 3430 678 3491 Leonis
701 3429 830 3490 Armeni
853 3430 960 3502 annis,
980 3449 1017 3488 ac
1038 3425 1110 3488 dum
1131 3426 1182 3486 in.

92 3519 213 3588 gentem
244 3510 327 3571 ittam
349 3511 576 3594 expeditionem
599 3512 708 3574 urbem
731 3533 893 3574 eversurus
915 3519 1018 3594 parat,
1044 3511 1089 3572 uti
1104 3512 1180 3592 Reg-

93 3613 260 3676 anonymus
282 3615 395 3676 suprn;
426 3604 557 3678 eratque
580 3596 639 3657 iam
661 3595 816 3658 Baidinses·
847 3595 925 3656 illius
949 3615 1045 3678 nepos
1067 3595 1182 3677 Balga-

96 3695 203 3736 rorum
226 3680 380 3762 princeps,
404 3687 439 3740 ut
456 3681 518 3740 Leo
540 3680 606 3762 ipse
629 3681 690 3740 iarn
711 3679 837 3740 dixerat.
861 3699 953 3764 quem
970 3679 1021 3740 hic
1044 3677 1182 3739 Michnii.

94 3760 151 3820 lesn
165 3759 328 3841 Belgarum
351 3770 452 3838 vocat,
476 3783 549 3824 uum
566 3765 632 3846 ipse
653 3766 692 3826 sit
715 3784 806 3845 quem
821 3763 916 3846 panio
938 3772 1011 3826 onte
1026 3761 1183 3823 Baidime-

95 3863 158 3902 rem
172 3845 398 3925 appeiiaveret?
420 3867 477 3930 ego
497 3845 541 3907 sic
556 3859 634 3929 puto
658 3859 811 3928 occupato
826 3869 897 3908 enm
917 3865 1049 3926 vocasse,
1072 3848 1127 3907 etsi
1151 3851 1183 3906 et

94 3925 168 3986 iilud
184 3937 292 4007 postea
309 3951 420 3991 nomen
438 3933 468 3991 ia
483 3931 637 4011 baptismo
654 3932 772 4012 accepit
791 3953 806 3991 a
825 3930 974 3992 Michaeie
993 3931 1182 4012 impositum,

95 4011 140 4070 uti
163 4009 295 4071 liabetur
309 4033 337 4092 p.
351 4009 423 4075 snt.
446 4036 510 4098 quo
531 4016 623 4076 etiam
646 4015 715 4076 ioco
736 4026 766 4076 et
786 4026 857 4077 ente
874 4011 1179 4096 baptismumeedem

95 4094 297 4176 occupatione
320 4097 448 4160 attelae
471 4109 665 4182 nusxcnpatus
688 4099 854 4162 invenitur.
898 4097 1057 4161 Cedrenus
1072 4093 1180 4158 Crumi
