2750 4602
227 217 303 296 tuo
643 235 893 300 aususausus

228 379 272 458 οῦς
294 383 422 468 ἐρρέθη,
441 381 594 468 φανέντος
617 382 751 468 δόρατος
777 387 894 449 ἐκείνου
924 385 964 470 τῇ
984 381 1115 467 συνήθει
1134 388 1322 464 μετακλίσει

228 479 1321 567 Μωωψώωωῶκωωὼηψψῆωμμ

229 581 285 664 ράς
304 577 435 660 seducat
455 585 731 664 μετακαλουμένου
754 581 828 658 τοῦς
847 579 919 663 ἔξω,
938 579 1044 664 βραχῦ
1057 607 1088 646 τι
1108 578 1195 664 ιῦρας
1216 589 1320 663 μέσον

230 671 277 764 ἦν,
297 679 351 744 κατ’
371 679 390 764 ἧ
423 679 513 755 πόλις
542 677 660 766 πλήρης
682 675 721 766 ἦν
748 687 811 746 sois
831 683 998 762 πολεμίων,
1018 683 1220 764 περιάγοντος
1243 683 1320 748 Ad·

230 779 362 863 yoaiuaoo
382 779 532 865 τετάρτην
550 785 604 846 κατ’
624 783 763 864 εἰκοστὴν
780 783 900 866 ἡμέραν
914 783 947 860 ἔξ
967 779 1043 845 ῦτου
1064 783 1185 866 ἐνέστη,
1205 785 1340 864 προῦτιιό

230 881 288 959 μὲν
316 880 378 946 τάν
407 882 462 945 τοῦ
495 883 660 966 ναυτικοῦ,
683 875 751 946 εἶτα
774 879 854 946 κατά
886 877 1062 967 συνάφειαν
1096 883 1152 944 κατ’
1182 885 1241 946 τοῦ
1262 879 1320 944 ἱπ-

231 1001 336 1044 ustrou.

314 1079 385 1145 Καὶ
404 1073 442 1163 ἦν
460 1080 539 1144 ἰδεῖν
558 1076 615 1162 τὴν
635 1079 755 1162 ἡμέραν
775 1077 844 1144 τότε
863 1079 967 1144 οὐκέθ’
989 1075 1108 1163 ἡμέραν
1127 1073 1210 1144 άλλά
1226 1081 1321 1145 νυκτὶ

231 1180 389 1259 dotandus,
412 1179 467 1242 aui
489 1173 556 1244 οἷον
585 1181 818 1262 παθαινομὲνην
851 1179 906 1244 κατ’
933 1179 1231 1262 σκυθρωπάζουσιν
1263 1185 1319 1266 ἐφ’

232 1271 280 1354 οἷς
302 1273 396 1360 ἓάρα.
439 1275 555 1362 ὁμίχλη
575 1277 636 1360 γάρ
658 1277 760 1362 αῦτὴν
787 1284 907 1358 βαθεῖα
929 1278 1085 1360 ἐπάχυνεν
1104 1279 1184 1344 duee*
1204 1283 1259 1344 κατ’
1282 1283 1318 1344 ἐκ
1327 1295 1352 1346 10

231 1381 408 1462 κονιορτοῦ,
433 1374 469 1442 ds
500 1375 520 1461 ἢ
551 1379 660 1464 τυφάς
686 1371 811 1462 olisai
840 1376 932 1452 πόδες
953 1373 1049 1461 Caius,
1072 1373 1151 1462 άπερ
1175 1378 1318 1462 άριθμάς

230 1475 620 1562 μψῖὼηωὴῆρ
673 1474 1319 1562 ἁεῶιὼῶῃὼώύῲμυών

230 1572 320 1658 ἥλιον
341 1567 388 1652 οἷς
406 1574 440 1640 ul
460 1580 523 1642 τάν
535 1572 639 1642 dulcor
651 1575 867 1662 ῦπερηῦγαζον
891 1578 988 1644 αῦτὸν
1007 1577 1233 1663 λαμπρότητες,
1256 1605 1318 1640 πτι-

231 1676 370 1763 opilione
391 1679 427 1742 δὲ
448 1680 503 1741 καί
524 1679 558 1741 is
574 1679 710 1752 παλαιᾶς
731 1673 868 1762 Μοῦσης
888 1679 1122 1742 “ο’κτωκειι’άεκα
1142 1681 1204 1757 μὲν
1224 1679 1318 1740 πλέεν

230 1768 337 1858 ἤματα
358 1777 606 1858 ποντοπορεῦον”
625 1775 661 1838 τά
682 1778 738 1858 τῆς
752 1775 871 1852 πόλεως
883 1775 1014 1860 σκάφος,
1036 1774 1316 1862 “ἑννειιιιαιῦεκάτη
1326 1789 1351 1840 15

229 1875 262 1938 δ’
280 1869 382 1960 άφάνη
410 1865 509 1959 οῦρεα
528 1876 707 1954 σκιάεντα,”
736 1876 778 1939 δι’
809 1865 855 1940 uis
884 1871 901 1937 d
931 1877 986 1957 τῆς
1014 1876 1095 1958 ζωῆς
1123 1873 1199 1956 ἡμῖν
1227 1869 1316 1956 ἣλιος

230 1971 502 2055 α’ποτειχιζάμενος
521 1975 665 2054 intima
686 1971 778 2040 σκιάν
805 1972 1064 2054 ἐπικαλῦψουσαν
1084 1969 1167 2056 η’μάς
1186 1979 1315 2053 ψαλμο-

229 2073 300 2147 satu.
342 2069 372 2136 οἱ
394 2073 430 2136 δὲ
448 2077 528 2154 χθὲς
548 2075 604 2137 κατ’
622 2071 728 2159 πρῴην
753 2073 930 2154 άλσλαγμοί
949 2075 1006 2136 καί
1025 2069 1059 2136 oi
1079 2069 1158 2136 κατά
1177 2070 1316 2152 πόλεμον

229 2172 306 2254 βοαὶ
322 2169 409 2237 aoid
432 2173 580 2238 ἐντεῦθεν
599 2175 698 2256 θροῦς
720 2171 819 2240 otuu·
851 2165 943 2256 η’σαν,
966 2172 1035 2235 άλλ’
1057 2171 1312 2254 άντιστρέψιτντα

230 2267 265 2336 τὸ
284 2269 451 2354 palpastis,
474 2269 532 2335 οῦκ
555 2263 594 2356 ἦν
613 2271 795 2356 άλαλαγμὸς
817 2274 850 2336 ἐν
871 2279 936 2346 τοῖς
957 2266 1045 2355 dunis
1066 2269 1233 2354 πλήθεσιν.
1267 2265 1348 2338 al-oo

230 2373 283 2447 θος
302 2373 332 2438 d'
364 2363 402 2435 άν
430 2371 485 2436 καί
513 2369 630 2456 άρνέοον
657 2375 833 2453 πετομένων
861 2369 948 2436 κενὸν
971 2371 1025 2435 τάν
1045 2373 1141 2454 α’έρσ,
1175 2373 1234 2434 οῦκ
1255 2366 1314 2436 οἷδ’

230 2468 293 2536 εἴτε
315 2467 368 2536 διά
393 2467 428 2536 τά
459 2473 517 2536 τοῦ
551 2471 643 2554 άὲρος
663 2472 796 2554 στυγνὸν
818 2467 881 2536 εἴτε
911 2469 965 2536 κατ’
983 2467 1028 2536 ὅτι
1051 2467 1182 2556 φρικτὸν
1202 2459 1241 2554 ἦν
1262 2473 1314 2533 κατ’

229 2567 357 2646 ε’κεάνοις
377 2569 413 2635 τὸ
432 2573 571 2654 πρᾶγμα.
623 2571 738 2656 ἡμέραι
759 2575 835 2654 γοῦν
855 2569 981 2656 ἱκαναί,
1001 2570 1057 2636 κατ’
1077 2571 1225 2652 ου’ῦσμοῦ
1244 2562 1312 2634 odra

301 2743 343 2798 19.
360 2741 558 2820 άντισιρέψαιθ

231 2903 247 2939 a
267 2887 346 2940 nobis
363 2887 483 2960 quidem,
503 2889 549 2962 qui
566 2907 627 2943 eum
650 2892 818 2964 noveramus)
839 2905 876 2934 -ε
891 2889 967 2944 basta
985 2890 1033 2942 illa
1053 2889 1143 2959 igitur,
1163 2897 1194 2940 ut
1211 2887 1311 2940 dictam

231 2965 281 3020 est,
308 2975 387 3028 supra
410 2977 512 3012 murum
540 2961 610 3013 elata
636 2969 664 3011 et
688 2963 767 3013 solita
786 2962 901 3014 flexione
927 2971 955 3014 et
973 2961 1150 3012 inclinatione
1180 2969 1309 3030 tanquam

230 3035 299 3080 nutu
317 3031 411 3100 capitis
429 3047 556 3082 manusve
574 3031 721 3083 advocante
741 3049 795 3094 eoa,
814 3033 862 3103 qui
875 3033 939 3084 loris
957 3040 1042 3092 erant,
1061 3031 1159 3098 exiguo
1180 3031 1310 3099 temporis

231 3099 374 3152 inlerssllo
398 3101 461 3153 urbs
480 3102 603 3154 hostibus
630 3103 741 3171 impieta
758 3111 829 3164 erat,
853 3103 899 3154 die
916 3103 1013 3154 niensis
1031 3104 1144 3168 Augusti
1162 3111 1260 3172 quarto
1285 3109 1311 3152 et

230 3170 366 3232 vicesimo,
384 3174 495 3240 primum
516 3173 668 3234 classiariis,
686 3171 801 3224 subinde
822 3175 901 3224 eliam
916 3173 1053 3294 epultibus
1068 3172 1241 3224 irruentibus.

299 3242 362 3294 Erat
382 3251 470 3294 autem
494 3242 552 3296 dies
575 3245 623 3295 ille
647 3261 703 3296 non
731 3245 782 3294 iam
813 3244 885 3306 diei,
903 3260 931 3294 se
969 3245 1043 3295 nocti
1064 3243 1168 3305 similis,
1189 3251 1217 3296 et
1234 3241 1310 3311 qnasi

231 3310 358 3364 obscurus
383 3315 522 3382 tristisque
548 3323 657 3383 propter
681 3332 732 3376 ea,
751 3330 820 3384 quae
846 3315 982 3366 cernebat.
1018 3312 1120 3366 nebula
1138 3314 1207 3364 enirn
1226 3311 1310 3362 densa

231 3382 423 3434 obscurabatur
452 3393 577 3454 tanquam
596 3386 718 3453 pulvere,
742 3386 789 3454 qui
816 3385 924 3436 turbine
953 3385 998 3436 vel
1022 3383 1139 3452 pedibus
1157 3383 1311 3434 animalium

231 3453 468 3506 innumerabilium
487 3457 633 3506 excitatur:
655 3465 685 3507 ut
702 3457 762 3525 quis
777 3455 865 3506 dicere
883 3455 987 3524 possit,
1007 3455 1093 3506 solem
1112 3453 1203 3506 lucere
1226 3453 1311 3503 desis·

231 3539 269 3585 se,
285 3524 359 3594 quod
376 3526 460 3578 lucem
481 3543 555 3577 auam
568 3536 706 3594 superaret
725 3527 813 3593 fulgor
832 3541 972 3586 armorum,
993 3525 1311 3576 vel'adbiberesetnstae

232 3593 325 3646 Musae
344 3595 413 3646 illud
438 3596 606 3648 uootodooim
634 3597 759 3670 equidem
780 3597 837 3647 dies
857 3611 929 3646 snare
947 3595 1193 3662 transnavigabat*
1214 3595 1310 3664 scapha

199 3677 203 3686 ’
231 3665 334 3717 scilicet
353 3667 439 3727 urbis,
468 3667 685 3720 “undevicesimo
703 3675 793 3718 autam
811 3674 1016 3736 comparuerunt
1043 3675 1148 3718 montes
1166 3665 1311 3716 umbrosi:''

232 3735 330 3802 quibus
349 3735 521 3788 absconditus
538 3737 579 3787 sol
598 3738 716 3787 umbram
733 3735 917 3801 diffundebat,
936 3753 986 3788 nos
1012 3745 1041 3788 ut
1070 3738 1099 3788 in
1122 3737 1236 3805 psalmis
1264 3743 1311 3798 est,

232 3803 446 3868 obscuraturum,
464 3807 605 3858 hesternae
627 3817 715 3859 autem
733 3817 761 3860 et
783 3809 912 3876 pristinae
937 3809 1125 3878 quiritatioues
1155 3815 1184 3858 et
1214 3809 1312 3858 clamor
1346 3809 1348 3811 ’

233 3871 346 3926 bellicus
374 3885 402 3927 et
427 3876 492 3928 inde
511 3885 585 3928 ortus
616 3879 745 3930 tumultus
777 3895 832 3929 non
859 3881 911 3930 iam
930 3878 1125 3940 audiebantur,
1144 3877 1203 3939 aed,
1221 3885 1311 3929 contra

233 3945 403 4008 psalmistam,
423 3963 478 3998 non
496 3956 553 3998 erat
568 3951 686 3999 eiulatus
705 3951 733 4000 in
753 3949 925 4001 concionibus
944 3951 1050 4000 nostris.
1088 3965 1213 4000 cerneres
1231 3949 1309 4000 etiam

234 4027 321 4062 serem
335 4017 428 4066 avibus
441 4033 561 4078 oncuusu,
573 4021 671 4078 nescio,
683 4029 827 4087 propterne
842 4020 965 4072 tenebrae
975 4021 1055 4080 coeli,
1073 4038 1107 4070 an
1118 4019 1194 4090 quod
1209 4019 1312 4071 terribi-

234 4079 266 4133 lis
284 4083 338 4133 illis
349 4099 455 4152 quoque
469 4090 603 4140 calamitas
617 4089 759 4142 uideretur.
783 4090 840 4143 dies
855 4097 926 4142 certe
943 4091 1093 4160 complures
1106 4092 1313 4161 praeterierunt·
