2750 4602
535 241 683 308 NOTAE.
1086 236 1160 308 523

153 401 195 464 72
235 394 410 472 ammon]
441 395 546 479 iniqua
578 396 751 458 sententias
784 393 867 458 unde
890 401 922 456 et
944 395 1164 460 Constantinus

65 489 175 552 solum
192 489 315 556 ,metum
344 501 493 542 excerso
513 481 630 553 refert,
653 479 773 562 reliqua
794 487 830 538 ut
849 475 956 540 odiosa
973 479 1097 550 Basilio,
1121 482 1165 540 si.

62 574 170 634 lentio
188 566 330 652 premit3
355 563 434 624 illius
465 564 561 650 magis
582 563 709 626 laudum
737 571 859 639 orator,
882 585 975 646 quam
999 585 1103 626 rerum
1125 563 1164 626 ab

63 679 106 720 eo
129 661 286 740 gestarum
308 655 411 710 certus
430 655 609 710 enarretur.

156 751 198 815 73
219 747 386 832 depositio,
410 769 503 830 qnam
523 745 752 806 santabarenus
771 743 920 826 poscitut
936 744 1037 808 nudus
1056 767 1164 810 sacer.

65 837 162 900 dotio
181 842 283 918 posset
296 832 404 914 poenis
419 828 530 907 addici,
552 836 735 912 argumento
753 833 798 888 est
819 827 966 912 autiquae
982 829 1166 910 traditionis,

18 983 27 1004 ,
65 929 105 984 ut
129 931 203 982 ante
223 915 459 1000 depositionem,
483 935 562 996 quae
587 920 655 974 erat
676 909 890 989 sacerdotum,
912 911 989 972 nihil
1009 913 1066 976 sihi
1087 915 1166 977 laica

66 1013 211 1088 potestas
227 1001 259 1062 in
274 999 412 1074 clericos,
433 997 616 1080 pracsertim
637 997 795 1080 episcopos
815 995 1024 1077 permitteret.
1048 998 1098 1058 cui
1122 999 1167 1060 rei

68 1083 279 1150 vindicandae
306 1081 410 1144 studet
434 1080 632 1142 illustrissimi
662 1079 887 1163 archiepiscopi
909 1079 1054 1143 Tolosani
1075 1081 1165 1144 Petri

73 1172 116 1236 de
137 1173 257 1232 Marnas
281 1165 372 1226 labor
394 1173 425 1227 et
451 1185 558 1246 opera.

163 1263 205 1330 74
247 1263 392 1328 adulterii
414 1261 667 1325 consuetudinem
698 1282 769 1324 cnm
791 1263 854 1323 aon
873 1261 1013 1326 hahuisse
1032 1263 1167 1326 Leonem

78 1349 346 1416 docetCedrenns
363 1347 457 1409 etiam
482 1349 603 1408 vivente
612 1345 857 1429 Theophanone,
880 1355 916 1408 ut
936 1369 970 1409 ea
992 1368 1081 1408 causa
1102 1349 1170 1412 fue
1228 1405 1232 1414 .
1339 1339 1346 1358 ⁸

81 1437 129 1498 rit
148 1431 311 1518 propinati
333 1431 402 1492 viro
419 1430 502 1510 illius
525 1431 646 1492 veneni.

162 1539 202 1602 75
244 1531 280 1600 ad
304 1533 553 1617 βοσκλεοκιοίτωρ]
568 1535 675 1598 titulus
690 1537 824 1600 aLeene
842 1537 997 1616 inventus,
1013 1537 1094 1602 idem
1106 1539 1170 1602 l'ero

76 1623 135 1710 qni
150 1621 369 1700 συμπὲνθερος
389 1643 443 1683 seu
463 1621 556 1682 etiam
579 1613 596 1679 ὅ
619 1618 926 1698 aupadaaaardaaavz
949 1621 1000 1684 oni
1022 1629 1171 1706 uinquam

75 1707 162 1792 patri
185 1708 358 1788 imperator
380 1705 535 1784 deterret,
561 1703 646 1766 cuius
669 1703 798 1768 manime
822 1703 955 1768 consiliis
978 1727 1045 1768 rem
1065 1705 1171 1790 puhli-

80 1813 151 1854 cam
172 1797 307 1874 regeret.

161 1887 203 1952 76
246 1889 366 1960 Kossaia
391 1886 591 1962 διοικοῦντες]
625 1886 763 1948 indebita
783 1888 977 1969 uectigalibus
996 1903 1172 1972 gramm·

79 1974 119 2037 de
139 1973 293 2058 Symeone
316 1972 407 2055 plura
429 1983 541 2032 auctor
563 1973 644 2034 vitae
668 1971 770 2033 Lucae
790 1970 921 2036 iunioris
945 1983 1020 2036 tom.
1042 1975 1061 2036 2
1081 1979 1171 2040 huet·

80 2059 260 2138 decerptae,
283 2077 318 2118 ac
339 2055 526 2138 propediem
547 2055 668 2137 plenius
690 2053 850 2119 uastando
873 2077 976 2126 mense
994 2059 1171 2122 Februario

80 2139 313 2226 producendae.

168 2237 208 2302 77
250 2240 404 2322 depositus
422 2252 475 2316 est,
497 2239 596 2300 vetito
617 2239 701 2300 forte
715 2239 818 2300 Leone
841 2261 911 2302 cnm
933 2263 968 2302 ea
990 2239 1175 2303 contrahere

83 2323 126 2386 ob
150 2323 338 2406 praecedens
360 2322 565 2395 adulterium
587 2323 670 2382 forte
692 2323 783 2383 etiam
797 2323 859 2384 viri
872 2325 947 2384 Zoe's
961 2323 1174 2402 homicidium,

84 2429 164 2492 quae
186 2413 325 2468 monstra
348 2407 441 2468 etiam
462 2404 588 2470 ecclesia
607 2407 715 2466 Latina
742 2415 830 2468 arcet
851 2430 868 2466 a
888 2407 1013 2490 nuptiis.

165 2503 206 2568 78
248 2505 292 2588 τῷ
319 2505 450 2583 βασιλεῖ
469 2505 586 2568 Λέοντι
620 2495 637 2562 o‘
674 2497 854 2585 Μουσικός]
876 2503 918 2567 sic
939 2505 1019 2567 hene
1040 2505 1176 2590 Anony-

82 2611 173 2652 musr
193 2591 334 2652 accusati
352 2602 419 2650 sunt
438 2589 523 2674 apud
542 2589 675 2650 Leonam
698 2589 917 2671 imperatorem
940 2589 1077 2652 Maricas

165 2694 206 2760 79
247 2695 305 2757 τοῦ
324 2694 600 2778 τζοκακιστηριόυ]
631 2695 675 2756 cat
694 2695 871 2757 descemam
896 2699 1112 2782 sphaeristem'i,
1132 2695 1174 2758 ai-

86 2779 210 2864 quidem
240 2774 276 2840 ad
299 2779 494 2856 τζυκακιζειν
521 2779 637 2840 hcmeti
666 2788 712 2840 est
733 2779 795 2860 pila
817 2779 934 2842 ludere.
970 2781 1013 2842 aio
1034 2801 1109 2842 vero
1138 2801 1173 2840 er

88 2866 173 2947 equis
195 2863 360 2936 ludebant;
383 2863 524 2944 adeoquo
545 2864 641 2924 fuerit
661 2861 739 2924 haec
761 2883 889 2947 qnoque
911 2865 995 2926 Circi
1016 2883 1098 2947 pars,
1120 2881 1175 2926 seu

90 2947 165 3033 quid
190 2947 233 3008 illi
255 2947 465 3008 coniunctum.
764 2963 767 2971 '

165 3045 207 3110 80
250 3046 378 3108 emenda
408 3045 620 3126 κρατηθὲοται
651 3061 776 3129 captam
807 3045 967 3109 Nicolaum
989 3045 1175 3110 Halaesina·

84 3131 170 3194 eham
193 3131 225 3192 in
246 3133 382 3207 tramite,
405 3149 474 3190 cam
494 3129 610 3192 Ioanne
630 3131 703 3192 arbe
725 3129 923 3194 amandavit.

169 3229 209 3292 81
254 3223 407 3307 μυστικὸς
427 3217 486 3309 dv]
511 3228 620 3291 dehac
642 3251 717 3293 voce
737 3229 829 3292 docte
852 3231 886 3294 P.
910 3233 997 3292 Goar
1018 3229 1057 3292 ad
1079 3229 1177 3293 Codi.

92 3337 165 3378 num
185 3334 257 3396 pag.
280 3309 354 3390 599,
379 3311 433 3374 ubi
456 3313 549 3374 etiam
565 3313 700 3376 militare
720 3315 910 3376 vocabalum
932 3313 1078 3376 ostendit.

166 3413 209 3494 82
252 3409 460 3490 ἀνακομίσας]
486 3413 572 3476 addit
587 3413 743 3476 Cedrenas
765 3415 798 3491 ἐξ
815 3411 964 3496 Ἔφὲσουι
988 3415 1042 3476 ubi
1065 3433 1177 3495 nempe

89 3497 221 3560 creditus
242 3495 272 3558 S.
295 3497 413 3558 Mariae
425 3497 625 3581 Magdalanae
647 3499 794 3576 tumulus,
817 3503 860 3560 uti
875 3497 984 3560 Lazari
1005 3499 1035 3558 in
1057 3497 1174 3581 Cypro.

168 3595 209 3660 83
250 3595 306 3676 τῆς
328 3599 627 3683 μεσοποκτηκοστῆς]
649 3607 694 3660 est
718 3598 844 3664 hicdies
858 3597 973 3660 Christi
987 3595 1175 3680 disputatio.

91 3679 134 3742 nis
155 3682 304 3742 memoria
325 3691 518 3764 assertaeque
539 3681 582 3742 illi
602 3682 782 3759 divinitatis,
806 3683 932 3746 Graecis
954 3681 1084 3744 celebris
1108 3701 1175 3742 me-

91 3765 141 3826 dio
161 3771 304 3844 tempore
325 3763 436 3847 pascha
457 3766 540 3826 inter
560 3773 592 3827 et
620 3775 841 3846 pentecostem,
863 3768 893 3828 in
917 3787 1009 3848 quem
1032 3763 1176 3828 laudato.

92 3847 152 3908 rios
173 3868 329 3909 sermones
347 3851 440 3911 eluet.
463 3849 568 3910 tom.l
593 3851 738 3931 produxi.
781 3853 824 3910 sic
846 3859 956 3932 aparte
976 3849 1178 3910 coratinuator

91 3930 261 4012 Leoniaque
284 3933 390 4010 codex,
414 3932 564 4018 quicquid
598 3955 633 3994 ex
655 3955 692 3996 eo
714 3933 792 3994 male
815 3936 1000 4016 exscriptum
1022 3935 1069 3994 sit.
1113 3953 1176 4016 qun

92 4016 172 4076 forte
198 4013 294 4076 modo
326 4025 466 4079 erratum
495 4017 690 4100 ignoratione
718 4017 802 4078 vocis
822 4029 854 4080 et
885 4019 915 4078 in
939 4017 1101 4093 Cedreno,
1125 4016 1178 4078 ubi

93 4098 208 4164 editum
229 4102 431 4182 πεντηκοστῆς
452 4101 543 4186 plura
567 4101 650 4165 enim
672 4102 833 4166 nescivisse
859 4101 961 4186 legare
984 4123 1019 4164 ex
1040 4121 1098 4163 suo
1120 4121 1178 4163 co·
