2776 4612
105 245 109 256 '
209 253 284 332 citt
495 351 499 360 ι
613 263 881 356 σοονιτιιισο

208 410 231 501 ἢ
258 413 432 500 τορανναῖν,
463 417 553 490 δίκας
586 409 624 478 ds
655 415 759 497 διδοίη
785 415 831 502 τῷ
847 410 1072 498 παρεγγράπιιρ
1104 405 1179 496 ῥηγί
1200 411 1245 500 τῷ
1269 413 1306 476 ἐν

209 519 369 594 Σικελοῑςς
399 517 431 579 εἰ
448 511 492 598 μη
517 507 581 598 άρα
602 515 688 578 πᾶσα
710 515 868 594 βασιλεία,
889 506 1044 576 πιαίοοσά
1067 534 1095 574 τι
1117 509 1198 575 κατά
1219 511 1307 591 βίον,

207 611 401 678 εάθάνεσθαι
421 615 624 678 aeliasanctia
643 609 723 698 πρός
741 614 796 678 τοῦ
817 613 1008 698 ον’ρεγμένον,
1028 609 1188 688 ciceiani
1208 611 1305 676 ἐπαι-

207 715 374 796 άαγοσγεῖτο
394 704 416 796 ἢ
436 703 630 792 ἔδεσπάζετο.

291 809 362 876 Καί
381 806 467 892 ὅμως
488 811 547 875 τοῦ
567 813 739 897 Κομνηνοῦ
753 811 896 890 Ἀλεξίου
926 809 1221 892 άπισχορισαμένοα
1242 805 1330 892 τη“ν5

138 931 149 954 ¹
209 910 543 976 Κοννσταντινοάτιολιν
575 914 775 996 παραδοῦναι
809 906 888 998 ῥᾷον
918 909 962 998 aqi
982 905 1058 995 ῥηγί
1076 909 1234 990 Σικελίας,
1255 902 1303 982 ὥς

208 1014 240 1076 εί
257 1011 313 1076 καί
334 1013 367 1075 ε’ν
387 1017 497 1094 χεροῖν
513 1007 616 1095 αὐτὴν
637 1007 786 1097 ἔσφιγγεν
818 1009 834 1075 s‘
857 1005 1052 1092 ἀπάλαμνος,
1071 1011 1193 1090 γίνεται
1215 1011 1305 1091 κίνη·

207 1133 259 1186 σις
281 1107 456 1193 πολοεθνης
479 1113 680 1196 ἐπιλεγομένη
700 1115 745 1199 τῷ
758 1113 876 1197 Σικελῷ
896 1111 951 1174 καί
972 1107 1069 1174 astris
1088 1105 1305 1194 προγράφου-

208 1235 251 1275 σα
276 1210 507 1294 κεφαλαιωτὴν,
526 1213 581 1275 καί
599 1213 796 1276 transturas
817 1209 978 1296 θησαυροί
994 1211 1037 1295 rqi
1056 1211 1139 1293 μηδὲ
1160 1209 1305 1292 μεγάλας

208 1307 289 1376 οὕτω
307 1335 338 1374 τι
354 1307 411 1386 τάς
431 1309 609 1394 προσόδοις
623 1307 740 1394 ἔχοντι.
761 1313 817 1374 καί
834 1313 872 1396 τῇ
892 1312 952 1391 μὲν
971 1311 1118 1398 θαλάσση
1134 1309 1303 1374 ἐπίστευσε
1314 1317 1349 1370 10

207 1412 284 1495 νῆας
315 1405 442 1494 μακράς
461 1403 603 1496 ἑτεροίας
623 1433 658 1476 τε
690 1415 745 1476 καί
761 1407 963 1494 λππαγιαγοάς
993 1409 1074 1492 ὑπὲρ
1103 1407 1161 1483 τάς
1189 1411 1304 1474 διακα-

208 1514 292 1588 σίας,
313 1512 368 1594 τῆς
390 1509 426 1573 δὲ
456 1511 512 1594 γῆς
535 1508 754 1594 κατεκρὸαινεν
786 1506 912 1574 ἱππικὸν
941 1512 1121 1588 ἑπιλεκτον,
1144 1509 1185 1572 ου’
1203 1507 1305 1589 μόνον

148 1612 243 1690 283a’l,t
267 1601 311 1674 siv
341 1617 558 1693 συνεκροτεῖτο
578 1606 692 1692 adada,
713 1607 794 1675 άλλά
825 1607 879 1674 καί
899 1603 976 1674 άλλο
994 1607 1195 1674 παντοδαπόν
1215 1633 1305 1690 σαμ-

209 1708 359 1792 μαχικόν.
403 1707 457 1773 καί
476 1712 598 1792 λέγεται
621 1708 664 1785 άς
685 1706 793 1776 ἑκατόν
821 1713 918 1774 ποθεν
939 1708 1034 1792 λόγου
1050 1709 1153 1791 Ιχάριν
1173 1709 1306 1794 ἑπιρρε-
1378 1767 1379 1786 ,

210 1809 309 1874 άντων
340 1808 386 1883 εἶς
414 1813 620 1892 συμμαχίαν,
646 1808 702 1876 καί
726 1803 770 1875 αὖ
788 1805 942 1894 ἑτέρωθεν
960 1803 1111 1872 πλειόνων
1131 1801 1153 1892 'l
1173 1811 1230 1872 καί
1250 1821 1349 1872 το-ι5
1378 1793 1379 1850 i

208 1905 328 1974 οοάταν
361 1898 382 1990 ἢ
410 1910 467 1972 καί
495 1909 540 1984 είς
565 1906 695 1974 ἔλαττον
717 1908 1020 1991 ιλποβιβαζομέναν,
1046 1909 1181 1992 βραχεῖς
1209 1906 1305 1983 τινάς
1378 1919 1379 1938 ’

210 2011 332 2074 ἐκεῖθεν
352 2000 531 2092 άποκρίνιον
551 2006 628 2084 τούς
647 2005 778 2084 λοιποάς
799 2008 978 2091 ε’ξηθίριζε,
1016 2007 1071 2070 καί
1096 1999 1179 2090 ἦσαν
1199 2000 1306 2084 οὕτως

207 2105 295 2194 αὖτηῖ
314 2102 344 2172 οἱ
364 2102 493 2170 ἱππόται
512 2100 572 2174 οἶοι
594 2103 847 2186 ἀλαζονεύεσθαι
867 2103 947 2170 κατά
970 2102 1029 2189 την
1049 2106 1084 2169 ἐν
1104 2105 1216 2180 αάτοῖς
1238 2103 1304 2190 φά-

208 2227 261 2268 σιν
288 2207 475 2288 τριηκοσίων
504 2206 628 2289 άνδρῶν
657 2203 788 2280 ἕκαστος
826 2199 903 2268 circu
932 2202 1011 2268 κατά
1033 2199 1170 2288 πόλεμσγ
1191 2205 1304 2288 σπη’σε-

210 2306 300 2383 σθαι,
324 2305 418 2370 ουίλὲν
445 2305 627 2382 άπεοικότες
647 2308 715 2370 add’
746 2303 915 2370 arianismi
934 2307 1128 2388 Κομνηνοῦ,
1151 2301 1188 2378 ὃς
1207 2303 1348 2385 piscano

209 2399 337 2483 ἐδόξαζε
357 2401 412 2488 τὴν
440 2403 594 2489 τοσαύτην
622 2407 788 2488 βασιλείαν
808 2401 887 2486 ταχά
916 2401 1171 2486 καταλήψεσθαι,
1192 2401 1302 2487 βραχίν

210 2506 278 2566 κατ’
300 2502 396 2587 αὐτῆς
416 2504 668 2590 παρακαλπάσας
688 2505 745 2570 τόν
764 2503 870 2584 ἵππον,
891 2507 946 2568 καί
959 2503 1216 2585 κατακτήσεσθαι
1238 2503 1303 2566 αι’-

110 2663 113 2672 ,
209 2599 265 2685 τὴν
298 2599 521 2686 χαρισάμενος
546 2603 624 2668 niuei
652 2603 707 2670 καί
728 2605 888 2686 στρουθοῦ
909 2598 1052 2687 φωλεόν,
1075 2602 1152 2689 λόγῳ
1175 2607 1236 2683 μὲν
1256 2605 1302 2688 τῷ

284 2734 477 2832 σασα

212 2935 287 2990 strat,
307 2925 388 2980 caede
406 2927 450 2982 rel
468 2928 598 2982 violentia
620 2931 781 3000 peccaverim
806 2945 942 3002 poenasne
961 2929 1038 2984 dabit
1054 2927 1151 2982 fraudo
1170 2939 1301 3002 provecte

211 2999 266 3066 regi
285 2997 397 3050 Siculo?
424 2999 529 3052 scilicet
544 3040 553 3065 ‚
571 3001 623 3052 nisi
652 3003 721 3054 sorte
743 3019 822 3054 omne
842 3001 998 3074 imperium,
1017 3003 1039 3052 si
1057 3002 1188 3054 iacturam
1205 3003 1302 3054 lecerit

209 3075 296 3190 morlte
315 3070 398 3136 regis,
429 3071 628 3141 suscipiendum
656 3081 697 3126 est
717 3073 867 3144 cuicunque
885 3073 1031 3144 placuerit,
1048 3073 1125 3143 quasi
1141 3071 1300 3144 paedagogo

209 3146 238 3192 ct
260 3141 369 3192 comino
390 3159 405 3191 e
424 3149 476 3192 ent.

279 3209 332 3262 Sed
354 3157 441 3264 tamin
460 3213 556 3264 Alexio
575 3212 713 3266 Comneno
733 3213 918 3276 adseverante,
937 3213 1016 3264 facile
1035 3229 1064 3264 se
1083 3213 1193 3282 Cpolim
1211 3213 1301 3264 tradi·

209 3287 301 3334 turum
318 3281 373 3349 regi
395 3282 564 3346 Siculorum,
593 3286 671 3354 quasi
702 3285 824 3338 manibus
852 3301 910 3336 eam
936 3292 1075 3355 torqueret
1098 3299 1218 3354 nequam
1238 3285 1298 3348 iste,

208 3351 330 3421 ingentes
350 3371 383 3404 ex
400 3353 478 3405 variis
492 3351 618 3422 gentibus
632 3356 726 3424 copiae
740 3356 830 3408 Siculo
843 3362 981 3426 parantur,
1000 3371 1080 3425 quem
1098 3353 1152 3405 sibi
1167 3369 1300 3406 summum

208 3421 304 3476 ducem
323 3421 468 3492 adoptant,
488 3423 698 3495 exhauriturque
717 3427 849 3478 aerarium
879 3427 945 3490 eius,
966 3425 1041 3497 quod
1058 3424 1164 3477 reditus
1183 3441 1241 3477 non
1261 3427 1299 3478 ita

207 3505 317 3562 magnos
337 3493 464 3546 habebat.
499 3512 530 3546 nc
548 3495 613 3546 mari
632 3495 743 3567 quidem
767 3513 847 3550 navet
866 3497 960 3564 longas
979 3506 1035 3549 turn
1052 3497 1120 3548 alias
1140 3503 1198 3548 tum
1221 3498 1299 3566 equis

208 3565 325 3634 repletas
346 3567 480 3618 commisit
496 3567 557 3636 plus
576 3565 712 3630 ducentas,
731 3575 826 3620 terram
845 3575 936 3618 antem
954 3567 1059 3620 terebat
1078 3567 1203 3638 equitatu
1220 3584 1301 3638 prae·

208 3635 310 3698 stabili,
328 3651 384 3688 non
398 3638 485 3688 solum
498 3636 531 3688 ab
545 3637 605 3706 ipso
620 3637 780 3708 conscripto,
797 3635 845 3690 sed
862 3639 943 3690 etiam
962 3639 1052 3690 alienu
1072 3638 1198 3690 auxiliari
1215 3639 1299 3691 vario.

208 3703 299 3760 serunt
318 3717 417 3771 antem,
443 3725 525 3777 quum
544 3715 662 3770 centum,
683 3717 713 3762 ut
729 3707 781 3760 hoc
801 3715 868 3770 utar,
888 3708 1013 3761 alicunde
1031 3707 1205 3762 advenissent
1223 3711 1302 3762 auxi-

208 3773 273 3825 lium
292 3777 389 3840 laturi,
412 3789 459 3829 aut
476 3777 588 3829 aliunde
608 3780 699 3850 plures
725 3780 769 3832 vel
796 3777 910 3832 totidem
938 3779 982 3832 vel
1008 3779 1126 3850 denique
1145 3781 1299 3850 pauciores,
1342 3821 1345 3824 Α

207 3841 349 3904 admodum
367 3865 467 3917 paucos
491 3865 523 3899 επ
542 3849 576 3900 iis
594 3849 731 3912 delectos,
751 3857 855 3902 ceteros
872 3851 986 3904 reiectos
1004 3867 1071 3902 esse.
1091 3859 1226 3920 erantque
1247 3859 1300 3903 tam

207 3917 329 3980 generosi
347 3919 461 3987 equites,
482 3926 511 3968 ut
530 3919 717 3986 gloriarentur,
738 3938 787 3990 pro
806 3921 905 3973 virtute
924 3938 972 3973 sua
990 3938 1018 3974 se
1031 3923 1153 3990 singulos
1172 3921 1300 3974 adversus

207 3991 341 4036 trecentos
366 3989 440 4040 bello
468 3990 640 4042 dimicaturos
667 4008 742 4052 esse,
770 3991 839 4044 nihil
859 3993 899 4042 illi
927 3991 1069 4044 dissimiles
1090 3993 1233 4054 Cornneni,
1252 3995 1298 4062 qui

206 4052 257 4102 sibi
280 4053 420 4108 videbatur
448 4067 553 4110 tantum
571 4063 643 4112 sulus
663 4063 823 4131 imperium,
850 4063 1046 4132 aliquantisper
1064 4079 1135 4132 equo
1151 4063 1185 4114 nd
1206 4061 1297 4114 urbem

206 4120 341 4184 advectus,
362 4137 562 4196 expugnaturus
591 4147 646 4182 esse
669 4141 696 4184 et
724 4141 851 4204 tanquam
869 4135 983 4204 passeris
1001 4125 1149 4188 latibulum
1167 4137 1196 4186 in
1214 4143 1295 4206 pots-
