2778 4616
427 285 793 358 canonoututnmt.
1075 286 1148 356 273

56 438 116 504 καί
136 439 316 504 άπίστειλεν
343 438 601 528 &Marcionis
650 442 706 505 καί
723 438 779 504 τόν
796 443 855 522 μὲν
876 439 1046 507 Βασίλειον
1066 434 1149 506 odra

56 543 114 622 τῆς
128 535 254 618 ,πόλεως
278 533 432 620 ἐξήγαγεν,
455 535 529 614 τούς
550 542 586 604 δὲ
604 539 735 615 λοιπούς
754 538 828 614 τοός
842 543 898 625 τῆς
912 543 1013 608 αὐτοῦ
1031 544 1150 624 βουλῆς

56 634 300 720 μετεσχηκότας,
322 635 457 720 Πάρθον
482 640 541 719 μὲν
562 639 769 722 όροογγάριον
789 642 847 724 τῆς
867 638 978 723 βίγλας
998 641 1149 705 danorii-

59 742 108 800 λει
127 735 210 820 πρός
231 733 287 801 τόν
309 737 502 820 Στασιάτην,
532 739 629 822 όήθεν
650 737 778 820 άγαγεῖν
799 738 908 824 αὐτόν,
927 740 1176 823 προμηνοθόν-σ,

32 845 113 912 ἔντος
132 838 255 900 ἐκείνου
277 833 331 898 διά
359 838 527 915 βασιλικοῦ
552 841 714 901 πιττακιόο
745 834 842 902 αὐτόν
863 839 1031 921 όεσμῆσαι.
1070 859 1147 922 προ.

58 931 277 1018 φασισάμενος
303 935 339 998 δὲ
366 931 382 996 ό
412 931 564 1016 βασιλεύς
595 935 745 1000 α’πελθείν
765 936 821 1000 καί
840 939 1004 1020 δειπνήσαι
1026 939 1071 1012 είς
1090 935 1146 1002 τόν

58 1029 148 1114 ἅγιον
169 1029 324 1116 Λάζαρον
349 1035 394 1108 τίς
422 1033 457 1098 τό
480 1033 674 1118 καταβάσιον
693 1039 753 1100 τού
772 1037 1033 1120 τζυκανιστηρίοα
1054 1036 1190 1122 ἔστη-79

56 1155 112 1196 σεν
128 1125 280 1216 Ἰωάννην
307 1135 339 1198 Γ
338 1135 453 1216 α’ριόιῖν
480 1131 560 1214 μετά
584 1138 645 1200 τῶν
667 1137 786 1200 λοιπῶν
814 1139 869 1218 τῆς
889 1131 1032 1218 ἑταιρίας
1052 1141 1085 1202 ἐν
1105 1141 1148 1224 τῷ

55 1232 288 1320 κσαβονκλείῳ·
343 1231 400 1296 καί
425 1235 470 1298 ίνἸ
490 1237 536 1320 argi
569 1237 781 1318 κατέρχεσθαι
799 1233 855 1300 τόν
876 1239 1009 1316 βασιλέα
1031 1234 1189 1318 κρατή-80

15 1339 47 1394 10
55 1355 156 1396 σαντα
175 1328 253 1412 μετά
272 1323 418 1423 Ἰιοάννοο
435 1333 592 1398 Νικόλαον
613 1327 822 1418 ἓταιριάρχην
842 1331 989 1418 ἐξήγαγεν
1010 1335 1065 1418 τῆς
1085 1330 1147 1397 πό-

53 1437 146 1506 λεως.
189 1429 316 1514 άγαγύν
346 1433 381 1496 di
414 1428 449 1497 ἐκ
476 1431 680 1507 Μακεδονίας
705 1437 875 1498 Βασίλειον
903 1432 958 1496 καί
977 1431 1147 1514 ἀνακρίνας

53 1534 112 1596 καί
132 1530 249 1614 τύψας,
267 1531 324 1594 καί
341 1528 398 1606 τάς
419 1536 533 1614 τρίχας
554 1524 655 1597 αότού
674 1527 885 1612 κατακαύσας,
904 1533 960 1598 καί
979 1532 1012 1596 ἐν
1031 1535 1070 1618 τῇ
1089 1535 1146 1612 μέ.

54 1656 95 1718 ση
116 1626 348 1714 θριαμβεύσας,
369 1631 571 1715 ἑξάρισενιὲν
600 1626 761 1713 Ἀθήναις,
781 1627 837 1692 καί
853 1631 955 1703 κακῶς
976 1631 1076 1692 ἑκεῖσε
1095 1651 1146 1692 τε-

54 1730 249 1816 τελεύτηκεν.
304 1725 455 1808 άσαύτιος
478 1725 633 1796 Νικόλαον
661 1726 867 1811 ἓταιριάρχην
896 1725 953 1792 καί
971 1724 1146 1793 Στολιανάν

16 1833 113 1896 toxos*
134 1829 277 1914 Ἰωάννην
297 1831 353 1894 καί
370 1829 428 1914 τήν
447 1832 628 1912 συγγένειαν
649 1831 752 1894 πᾶσαν
783 1823 952 1911 Ζαούτζα,
983 1823 1057 1902 τοός
1085 1830 1175 1908 μόνον

54 1931 223 2013 ἐπέκειρεν
245 1927 321 2004 τοάς
354 1932 390 1995 δὲ
418 1929 585 2014 ἐξόρισεν,
617 1925 777 2012 δημεύσας
805 1924 863 2002 τάς
893 1927 1004 2002 ούσίας
1026 1927 1143 1991 αὐτοῖν.
1212 2001 1216 2016 ¹

52 2025 177 2102 πάντας
197 2031 234 2093 dd
261 2031 452 2112 μαγίοτροας
480 2032 536 2093 καί
555 2025 630 2104 τούς
658 2031 693 2092 ἐν
712 2032 795 2092 τέλει
815 2028 1106 2110 προσκαλεσάμενος
1126 2025 1146 2088 ό

51 2128 206 2209 βασιλεύς
225 2129 344 2212 άνόγνιο
365 2125 554 2193 κατενοόπιον
576 2130 682 2192 αὐτόν
710 2124 749 2192 τά
768 2129 949 2210 μηνυθέντα
969 2125 1055 2208 παραὶ
1078 2127 1147 2189 Σα-

53 2232 158 2311 μιονά.
201 2225 231 2292 οἱ
252 2229 288 2292 δὲ
308 2227 419 2292 ταύταν
434 2223 665 2314 όπερεπήνεσαν
682 2220 725 2300 ιός
737 2227 792 2310 τής
811 2227 892 2309 ζωής
912 2228 970 2290 τού
988 2228 1145 2305 βασιλέως

15 2323 305 2412 νθπρονοούμενον,
332 2327 387 2390 καί
408 2322 571 2409 εἰρήκασιν
599 2317 686 2402 άξιον
706 2318 787 2388 εἶναι
814 2326 906 2406 τιμῆς
925 2323 1084 2406 μεγίστης.
1126 2320 1145 2386 ό

54 2431 92 2494 δὲ
113 2424 263 2508 παρεοθύ
284 2429 396 2492 τοῦτον
418 2428 706 2508 πρωτοσπαθαρίοο
727 2424 798 2510 α’ξίρ
820 2423 987 2506 τετίμηκεν.

135 2525 351 2612 Ἐτελεύτησεν
374 2527 409 2590 δὲ
430 2528 591 2610 Στέφανος
622 2517 638 2588 ὃ
661 2517 858 2605 πατριάρχης
881 2524 932 2584 καί
951 2522 1017 2584 aaa
1042 2519 1144 2584 αύτού

53 2625 278 2711 ἐχειροτονήθη
303 2623 462 2702 Νικόλαος
487 2624 503 2688 ό
528 2619 740 2708 πατριάρχης,
763 2616 909 2702 μυστικάς
934 2611 979 2684 σόν
1002 2619 1059 2684 τοῦ
1079 2624 1184 2702 fisum
1229 2649 1232 2656 ,

53 2899 121 2950 lons
139 2898 245 2950 animae
263 2896 393 2957 levamen,
413 2893 489 2946 velut
506 2893 594 2960 legata
612 2889 733 2952 tradidit,
762 2896 790 2941 et
807 2887 836 2940 in
854 2887 1039 2940 Macedoniam
1058 2887 1140 2940 dimi·

54 2971 100 3022 sit.
139 2975 167 3020 et
185 2964 314 3019 Basiliam
333 2964 444 3036 quidem
462 2963 513 3016 hoc
526 2973 604 3034 pacto
621 2963 687 3014 urbs
706 2960 835 3012 detrusit:
854 2961 973 3028 reliquos
993 2975 1055 3010 vcro
1074 2975 1140 3010 cou-

53 3039 199 3092 iurationis
220 3046 367 3100 consortes,
388 3035 500 3086 Perdam
519 3034 627 3104 quidem
652 3031 823 3084 excubiarum
842 3029 1013 3098 drungarium
1032 3028 1066 3080 ad
1083 3030 1140 3081 sti-

53 3113 160 3178 piotcna
178 3110 254 3178 quasi
272 3124 333 3159 eum
353 3106 387 3160 ad
405 3123 434 3158 se
453 3113 606 3156 vocaturum
626 3101 795 3154 amandavit:
816 3102 838 3152 is
855 3109 944 3151 tamen
956 3108 987 3152 ut
1001 3117 1062 3151 eum
1076 3100 1138 3150 vin-

53 3181 124 3232 culis
142 3187 280 3232 coerceret
296 3195 345 3247 per
362 3177 547 3246 imperatorias
567 3176 668 3226 litteras
687 3175 761 3244 prius
785 3171 900 3222 monitus
922 3172 1017 3222 suerat.
1053 3171 1138 3220 simu-

53 3253 114 3302 lans
134 3253 214 3302 etiam
232 3251 377 3318 imperatos·
406 3249 477 3300 soros
496 3246 626 3316 proficisci
657 3253 684 3295 et
701 3244 735 3294 ad
752 3243 778 3294 S.
799 3241 928 3292 Lazarum
952 3249 1137 3303 coenaturum,

52 3323 89 3373 ad
108 3323 211 3392 equilis
240 3320 394 3372 descensum
421 3319 548 3369 loannem
579 3315 702 3367 Garialam
721 3331 780 3364 cuna
805 3313 917 3381 reliquis
937 3309 1136 3364 confoederatis

53 3393 173 3444 detinuit
191 3393 220 3442 in
238 3389 380 3454 cubicul03
399 3405 511 3458 clamque
536 3389 680 3455 imperator
699 3387 825 3434 loannem
845 3383 969 3434 detinens
987 3381 1137 3432 descende-

53 3473 103 3526 ret,
122 3463 266 3516 Nicolaum
285 3460 494 3512 hetaeriarcharn
518 3458 583 3510 urbe
596 3458 696 3507 edusit.
732 3454 856 3506 Basilidin
874 3469 955 3521 porro
974 3470 988 3504 c
1007 3451 1135 3502 Macedo-

51 3535 97 3586 nia
119 3541 274 3586 revocatum
292 3540 320 3584 et
339 3531 373 3582 de
390 3531 500 3582 crimine
519 3529 676 3598 inquisitum
690 3523 844 3578 verberibus
863 3523 987 3584 subiecit,
1006 3531 1034 3572 et
1051 3521 1136 3572 crini-

50 3603 101 3656 bus
129 3605 188 3656 eius
214 3603 349 3655 succensis
374 3617 422 3670 per
439 3600 554 3654 mediam
580 3597 673 3650 urbem
699 3596 848 3648 traductum
866 3593 984 3644 Athenas
1005 3591 1134 3660 relegavit

50 3675 167 3736 caulem,
187 3673 234 3725 ubi
252 3674 349 3726 misere
366 3672 455 3742 periit.
490 3669 629 3722 Nicolaum
649 3669 748 3736 pariter
766 3664 975 3716 hetaerlarcham
996 3671 1024 3713 et
1035 3662 1134 3727 Stylla-

48 3762 114 3796 num
133 3753 162 3796 st
179 3745 306 3796 loannem
327 3751 355 3794 et
373 3745 486 3793 Zautaae
511 3758 594 3810 genus
611 3755 689 3790 omne
716 3737 766 3788 hos
785 3733 893 3803 quidem
914 3731 1045 3793 detondit,
1064 3731 1133 3782 alios

48 3815 196 3885 publicatis
214 3833 306 3866 eorum
323 3812 499 3864 facultatibus
522 3813 551 3864 in
575 3811 683 3862 exilium
706 3807 819 3874 expulit.
838 3805 968 3871 magistris
982 3817 1044 3854 aero
1063 3818 1133 3852 cun-

48 3889 155 3956 ctisque
175 3887 204 3938 in
227 3885 358 3954 dignitate
376 3885 471 3954 positis
495 3881 528 3934 ab
549 3885 708 3949 imperatore
730 3876 876 3936 aclsocatis,
895 3890 965 3943 quae
983 3891 999 3922 a
1017 3873 1134 3924 Sarnous

48 3957 199 4025 significata
218 3957 333 4018 suerent,
353 3963 449 4006 cuncta
467 3953 604 4022 perelecta
622 3959 692 4000 sunt.
729 3948 771 3997 illi
790 3947 873 3996 virurn
890 3946 966 3996 velut
985 3945 1131 4012 imperato-

49 4031 83 4078 ris
110 4029 184 4080 vitae
203 4027 386 4094 providentem
415 4026 589 4093 maximisque
609 4018 755 4072 honoribus
782 4015 890 4084 dignum
906 4016 1131 4084 pronuntiarunt:

49 4115 134 4168 quare
152 4097 362 4168 protospatharii
384 4096 514 4165 dignitate
532 4094 672 4146 confestim
689 4089 845 4140 honoratur.

119 4170 242 4221 lllortuus
263 4175 304 4220 est
320 4175 411 4220 autem
430 4165 580 4236 Stcplrauus
598 4159 800 4233 patriarchani
819 4159 848 4210 iu
864 4157 922 4208 eins
944 4156 1037 4220 locum*
1050 4155 1131 4206 Nico·

109 4281 164 4336 Lao
185 4280 391 4334 Grammaticus.
909 4267 941 4318 18
