2750 4602
195 198 268 276 lul
614 205 865 272 uusutuurus

193 387 233 426 τα
254 358 335 426 καλό
366 354 496 424 ἔσονται.
555 355 672 420 orientis
698 351 868 422 αἰιόλονθοι
896 350 1016 429 τοότοις
1048 351 1180 418 α’πειλοιδ
1210 359 1294 418 καθ’

192 461 282 544 ἦμεόν
315 461 371 524 καί
403 455 542 542 ρ’όπισμα
563 449 637 521 όσαι
662 445 744 536 oinos
773 457 828 518 τοῦ
853 453 934 518 κατὰ
958 450 1012 518 τόν
1031 451 1151 536 κόμητοι
1171 455 1294 534 θυμοῦ

191 565 226 625 ἐκ
246 560 412 639 διαβολοόν,
433 557 489 619 καί
506 553 709 642 όναφαόνπσις
722 555 784 618 τοῖν
803 548 1073 634 ε’νόιαβαλλόντων
1096 548 1131 614 τό
1154 547 1291 634 αὔριον,

191 652 320 742 αόριον,
349 657 404 722 καί
436 653 453 720 ό
482 657 541 720 τοῦ
560 658 641 718 θεοῦ
660 651 737 728 λαός
759 649 845 728 ἅπας
874 649 974 727 scole
994 649 1069 732 περὶ
1088 650 1184 735 ἡμᾶς.
1232 651 1293 714 καί

190 751 230 841 ἦν
249 755 367 843 α’νόγκη
389 759 502 820 κοπιᾶν
522 753 576 818 καί
587 761 703 837 λαλεῖν,
722 756 778 817 καλ
793 753 959 834 ἐποιοῦμεν
979 747 1060 815 οότοο
1082 745 1197 832 συχνά,
1224 761 1313 814 πο-5

189 855 352 940 λοτρόπονς
372 850 567 935 πονούμενοι.
620 855 676 918 καλ
697 855 789 916 θεοῦ·
801 855 1002 934 χαριτοῦνιος
1022 849 1205 932 ε’πεόθομεν,
1230 855 1290 914 και·

188 959 281 1022 τοῦτο
302 953 481 1028 πλειστάκις
502 951 553 1018 διδ
585 953 621 1016 τό
641 944 857 1032 τόνόρχοντα
877 947 984 1032 (λέπειν
1004 949 1123 1014 ἐκεῖσε·
1167 951 1228 1014 κατ’
1248 951 1291 1012 ori

189 1051 295 1143 πρῴην
323 1053 508 1136 α’νὴκαμεν,
539 1055 598 1126 ἓως
627 1048 662 1115 τό
696 1055 875 1114 τελευταῖον
895 1055 1036 1112 παντοῖοι
1061 1047 1116 1130 (ori
1138 1053 1222 1131 λέγω
1244 1046 1286 1112 πό

189 1155 234 1228 εἰς
257 1151 384 1234 ὁμιλίαν
405 1149 484 1216 όλλό
508 1151 715 1236 δημηγορίαν)
739 1146 901 1231 γενόμενοι
922 1145 976 1210 καί
997 1145 1286 1231 δικαιολογησάμε.

189 1277 237 1318 νοι
258 1251 313 1316 καί
324 1253 408 1330 ‚eslii
427 1249 592 1325 κολακείας
613 1249 824 1332 α’πεσχημόνοι
844 1245 901 1312 soi
917 1245 1207 1331 χαριεντισόμενοι,
1229 1249 1287 1310 καί
1297 1259 1326 1308 ιο

189 1355 352 1438 ἐμβριθεῖς
385 1353 420 1416 δέ
441 1377 473 1416 τι
497 1349 702 1434 λαλήσαντες,
736 1346 792 1412 κατ’
816 1343 1019 1430 μεμψάμενοι
1049 1351 1109 1426 μὲν
1138 1345 1195 1428 τήν
1219 1349 1285 1410 τοῖν

190 1448 376 1536 συγκλύδων
385 1449 536 1516 Λακίνιον
553 1446 726 1532 δεινότητα,
749 1445 877 1512 ἔπαινον
895 1447 931 1510 δὲ
946 1449 1009 1510 ταῖν
1021 1447 1286 1510 Θεσσαλονικέων

190 1550 429 1634 προενεγκόνεες
451 1553 590 1633 καίριον,
619 1550 674 1612 καί
692 1542 772 1621 όλανς
795 1541 869 1619 νοός
889 1544 999 1628 λόγους
1022 1547 1197 1620 πολυειδῶς
1221 1545 1284 1626 δρ.

188 1649 363 1731 μοσόμενοι
385 1651 441 1712 καί
460 1645 717 1732 οἶκονομήσαντες
737 1643 816 1728 πρός
836 1641 1024 1728 ἀνθρώπους
1045 1641 1176 1728 α’γρόους
1199 1645 1283 1708 κατά

189 1774 218 1814 τι
240 1747 383 1829 α’μυδρόν
404 1747 559 1832 όπὴχημα
578 1749 736 1832 γραφικῆς
756 1742 902 1827 &stylum
921 1743 978 1808 καί
996 1745 1206 1827 ἐπιτιμήσεως
1226 1747 1284 1808 καί
1293 1759 1321 1809 15

188 1846 431 1931 παρακλήσεως,
453 1844 482 1912 οἱ
504 1849 558 1911 κατ’
587 1843 666 1910 κατό
687 1843 797 1926 καιρόν
818 1841 1017 1926 εἰρήνης’δπό
1036 1845 1098 1907 τεόν
1118 1843 1282 1928 ἡμετέρων

186 1937 314 2024 ἄτολμοι
341 1940 429 2020 ὄντες
449 1952 551 2010 ποιεῖν
574 1943 613 2009 τό
635 1940 818 2026 εόαγγελικιλ
840 1943 886 2016 εἰς
908 1933 1054 2027 ἄκρατον,
1076 1945 1128 2006 ἵνα
1149 1942 1194 2026 αὴ
1219 1943 1281 2006 πό.

187 2067 320 2126 σχαιμεν
340 2045 507 2130 α’βοόλητα,
538 2039 777 2126 ε’βεβαιοόσαμεν
799 2039 852 2106 τόν
868 2034 979 2126 ἄνδρα,
1000 2044 1055 2106 καὶ
1075 2045 1121 2118 εἰς
1142 2037 1280 2121 ἔμπεδον

187 2141 436 2226 καταστήσαντες
460 2142 688 2227 περιηγόγομεν
714 2137 927 2222 διομόσασθαι
950 2133 972 2224 ἦ
1000 2140 1064 2224 μὴν
1083 2143 1194 2225 μηκέτι
1216 2141 1279 2228 φό-

148 2311 152 2328 ‚
187 2247 244 2323 βου
263 2242 545 2327 ἑπαρτιγθὴσεσθαι
575 2241 675 2327 φόνου
697 2235 717 2325 ἢ
738 2265 816 2316 τινος
843 2233 953 2324 ἑτέρου
972 2245 1072 2304 κακοῦ
1094 2249 1158 2316 τοῖς
1177 2237 1315 2308 ἔπλεο-λθ

189 2339 269 2408 κόσι.
312 2339 368 2406 καί
387 2339 422 2408 τό
446 2343 592 2406 ἐντεῦθεν
621 2337 864 2423 ἀνεπαυόμεθα,
887 2343 932 2415 εἰς
952 2333 1025 2404 ὅσον
1046 2331 1084 2424 ἦν
1107 2342 1277 2425 ἐγχωροῦν.

189 2439 340 2525 όνεχόρει
360 2443 395 2506 δὲ
415 2437 461 2526 μὴ
484 2443 529 2516 εἰς
552 2438 586 2504 τό
613 2442 676 2504 πᾶν
699 2437 840 2523 παράγε
862 2447 926 2516 τοῖς
947 2433 1028 2504 οότοο
1046 2441 1277 2524 μισορονμαιλις

190 2542 351 2617 Λοιινοις.

162 2843 165 2850 ,
195 2789 360 2843 λιιλνελιιιολ.”
396 2790 438 2843 bis
468 2792 550 2860 igitur
569 2792 671 2844 similes
694 2793 782 2843 minae
809 2789 935 2842 adsersus
957 2807 1007 2844 nos
1026 2792 1170 2856 iactantur,
1190 2795 1275 2846 sulla-

194 2869 294 2932 turque
312 2870 444 2932 perpetuo
462 2863 603 2915 calumniis
621 2864 725 2914 animus
742 2862 855 2926 comitis,
873 2861 1092 2933 ‹lecinmnturque
1112 2880 1127 2914 a
1147 2865 1274 2916 calumni-

194 2931 324 2984 antibus:
342 2941 432 2996 “crns,
451 2951 517 2996 cres,
536 2943 564 2985 et
587 2935 703 3005 populus
720 2931 765 2985 dei
788 2935 927 2986 universus
945 2934 1019 2986 illico
1040 2933 1183 2988 nobiscum
1202 2937 1274 2988 eril·''

196 3019 375 3070 ergonecesse
388 3004 600 3058 erateouoeclere
612 3013 640 3056 et
653 3003 733 3056 rerba
748 3002 820 3065 dure,
834 3003 999 3074 fecimusque
1012 3009 1059 3068 ita,
1069 3005 1142 3056 sarie
1152 3005 1275 3058 laboran-

195 3082 343 3145 tes3atque
355 3077 439 3143 gratia
454 3075 498 3128 dei
512 3077 691 3145 persuasimus
707 3075 773 3137 illis,
789 3074 872 3146 idque
888 3077 1048 3198 ρλετιιιπρυε
1058 3093 1101 3140 eo,
1117 3077 1194 3148 quod
1204 3079 1275 3148 priu-

196 3161 258 3213 eeps
274 3143 327 3196 bue
338 3145 492 3214 inclinaret;
509 3163 559 3198 neo
569 3163 631 3198 mox
645 3145 807 3210 destitimus,
816 3146 865 3198 sed
877 3163 961 3218 usque
978 3164 993 3197 n
1026 3147 1107 3199 finem
1122 3163 1274 3217 persevera-

196 3216 290 3278 vimus,
303 3217 374 3268 serie
386 3233 435 3269 nos
446 3219 512 3288 (non
525 3217 587 3269 dico
607 3219 635 3268 ln
647 3217 826 3280 sermonibus,
839 3217 886 3270 sed
896 3219 925 3268 in
935 3217 1123 3285 concionibus)
1136 3226 1275 3278 vertentes,

196 3285 345 3354 litigantes,
364 3303 399 3338 ne
415 3289 449 3340 ab
467 3287 623 3339 adulatione
642 3287 752 3358 quidem
765 3287 940 3352 abstinentes,
961 3305 1062 3341 tuorem
1080 3297 1208 3356 gerentes,
1225 3305 1276 3340 nec

197 3373 260 3408 sero
280 3357 350 3408 nihil
368 3359 482 3424 graviter
502 3357 633 3422 dicentes,
652 3361 891 3430 vituperantesque
903 3358 1086 3412 multitudinis
1106 3361 1214 3412 Latinae
1231 3360 1275 3412 in·

197 3428 351 3492 solentiam,
369 3429 650 3482 Thessalonicensium
664 3439 754 3482 nutem
765 3437 919 3499 opportune
938 3430 1032 3482 laudes
1053 3438 1182 3492 serentes,
1199 3428 1275 3482 deni-

79 3517 83 3528 ·
198 3515 252 3568 que
272 3499 420 3552 orationem
439 3501 513 3552 varie
531 3509 725 3570 componentes
744 3509 771 3554 et
790 3500 987 3554 conformentur
1005 3517 1095 3554 cosam
1113 3517 1210 3570 genere
1227 3501 1275 3552 bo·

197 3571 299 3622 minum
317 3571 409 3634 feroci,
429 3571 463 3624 od
480 3572 632 3642 exemplum
652 3571 728 3641 quasi
751 3569 887 3640 quoddam
912 3573 1036 3634 actionis,
1056 3572 1231 3624 accusationis
1249 3579 1275 3622 et

198 3639 394 3694 admonitionis
413 3641 555 3706 iudicialis,
574 3643 656 3696 etiam
673 3643 701 3694 in
714 3658 779 3711 poce
797 3641 868 3694 inter
885 3649 991 3694 nostros
1002 3659 1098 3713 porum
1114 3643 1227 3696 audaces
1244 3641 1275 3692 ad

199 3713 317 3777 urgenda
345 3711 531 3766 vehementius
557 3721 698 3783 praecepta
718 3713 859 3781 evangelii,
872 3729 907 3766 ne
924 3721 1086 3784 pateremur,
1104 3729 1175 3784 quae
1192 3715 1275 3765 nolle·
1331 3727 1334 3732 ¹

198 3796 277 3832 naus:
297 3783 335 3834 ita
351 3783 434 3851 igitur
453 3784 666 3836 confirmavimus
683 3783 830 3848 bominem,
848 3784 1088 3856 confirmatumque
1099 3801 1131 3838 eo
1152 3784 1275 3856 perduxi-

196 3867 265 3912 mus,
285 3861 315 3902 ut
331 3854 440 3916 iuraret,
459 3871 596 3925 nunquam
617 3853 729 3925 captivis
746 3853 895 3924 periculum
912 3857 1007 3909 mortis
1024 3856 1069 3910 sol
1086 3855 1157 3908 alius
1174 3855 1274 3908 calami·

197 3921 262 3970 tatis
279 3923 449 3982 subeundum
477 3926 544 3978 sore.
582 3933 643 3996 post
672 3925 739 3978 baec
757 3923 999 3994 requiescebamus,
1020 3936 1153 4050 quantum
1172 3927 1273 3979 licebat.
1341 3917 1342 3987 i

197 3987 298 4042 licebat
314 3999 402 4044 sutem
429 3993 500 4048 nihil
524 3997 634 4050 omnino
651 3999 722 4050 inter
747 3995 996 4050 vehementissimos
1020 3999 1083 4052 ilos
1105 3999 1274 4052 Romanorum

197 4059 319 4114 inimicos
337 4062 455 4116 Latinos.
