2750 4602
254 210 307 271 nn
324 209 629 274 uumsliouscu
648 209 676 273 s
695 210 853 274 iunrurs
873 211 1016 274 cunm.
1105 197 1177 272 tet

62 365 258 444 Ικεφαλαῖς,
291 359 338 422 ἐπ’
363 355 432 444 ἴσης
460 363 628 440 μισοῦντες
655 359 725 434 τούς
755 383 788 424 τι
816 357 1021 445 ιίκειρειόμας
1051 356 1126 434 τούς
1147 381 1179 422 τε

87 456 337 541 βαθυπώγωνας.
380 457 434 522 καί
453 460 511 522 osia
530 451 569 543 ἦν
591 461 670 524 ἰδεῖν
691 453 794 541 ἄνδρα
811 457 871 524 ei'ca
893 457 950 523 καί
965 461 1065 523 παῖδα
1083 453 1180 540 τύχης

89 562 147 640 τῆς
169 553 299 622 οἷαοοῦν
329 555 373 640 μὴ
396 565 528 640 κοορίαν
550 557 628 623 κατὰ
652 556 774 637 κύκλον,
797 556 890 622 ὁποία
910 581 958 632 τις
979 551 1069 640 οἶμαι
1087 555 1181 638 ναίὴ

89 659 360 740 παροιμιαζομένη
378 655 552 740 Ἑκτόρειος
574 655 687 742 κουρά,
716 655 772 722 εἴτ’
790 651 847 720 osia
870 653 888 741 ἦ
911 656 988 722 κατέ
1016 657 1124 741 Θησέα
1144 653 1183 720 τὰ

57 753 251 839 5πρόσθια·
293 755 337 831 ὥς
367 757 437 821 τότε
464 759 627 822 α’ντίθετον
657 761 790 838 βαθεῖαι
813 749 893 839 ἦσαν
914 753 946 820 αἶ
968 753 1065 820 πάλαι
1087 749 1185 835 κόμαι

91 854 172 920 κατὰ
207 855 280 930 τούς
300 848 484 938 Ἀβαντας,
507 857 561 920 καί
581 856 618 920 osi
647 853 726 920 κατὰ
755 855 828 930 τούς
859 859 1019 928 Λατίνους
1039 854 1183 933 τούτους,

91 953 230 1020 asininis
264 955 421 1040 τροχαλαί
448 955 502 1020 καί
527 953 569 1030 ὥς
600 959 698 1020 εἰπεῖν
734 955 914 1038 ἀκρόκομοι.
958 955 1012 1018 καί
1033 951 1185 1038 ὑπούργει

92 1053 172 1136 πρὸς
196 1059 297 1120 ταῦτα
325 1063 390 1128 τοῖς
422 1059 484 1119 ταῖν
515 1059 636 1138 τριχῶν
664 1053 868 1141 ἕπιστρόφοις
889 1056 1042 1128 Λατίνοις
1062 1053 1106 1138 πῇ
1126 1055 1185 1132 μὲν

90 1154 188 1238 ’ξορὸς
215 1157 257 1238 πῇ
286 1156 321 1218 δὲ
351 1153 518 1238 μάχαιρα,
540 1163 605 1229 τοῖς
626 1155 661 1219 tt
690 1159 892 1237 θερμοτέροις
912 1156 966 1218 καί
988 1157 1088 1237 ξίφος.
1130 1154 1186 1213 καί

38 1255 209 1333 ιοαιῖτίκα
233 1253 288 1318 καί
313 1252 329 1316 ὃ
353 1249 465 1335 πιέγων
494 1253 694 1338 ἠλαφρύνιτο
716 1257 758 1342 cpi
780 1251 862 1317 οὕτω
883 1257 1058 1340 κειραμένρι
1080 1251 1183 1334 α’νθρί,

90 1354 149 1420 καὶ
170 1348 208 1436 ἦν
236 1351 336 1440 πάντῃ
365 1351 498 1418 σπάνιον
527 1357 605 1418 ι’δέἴν
628 1349 730 1436 ἄνδρα
746 1351 903 1434 Ῥωμαῖον
925 1345 1033 1436 ἄρτιον
1056 1349 1114 1432 τὴν
1135 1371 1183 1412 κι-

91 1451 210 1538 φαλὴν.
252 1448 339 1534 εἶχον
359 1455 419 1537 γὰρ
450 1455 606 1518 α’νᾰπαλιν
626 1457 669 1538 τῷ
688 1454 782 1535 “θρι“ξ
801 1459 836 1518 έκ
856 1457 910 1536 τῆς
932 1457 1071 1538 κεφαλῆς
1097 1449 1184 1536 ἡμῶν

92 1554 134 1616 ου’
153 1552 198 1636 μὴ
229 1551 434 1624 α’πόλλυται,”
476 1551 576 1635 ἡγὰρ
596 1552 691 1636 πολλὴ
721 1554 882 1636 ἁμαρτία,
903 1557 943 1616 rl's'
967 1550 1005 1636 ἢν
1027 1551 1082 1617 καί
1101 1556 1188 1639 πρωῒ

91 1652 403 1735 πεποινηλατήμιθα,
427 1651 505 1716 κατα
536 1649 591 1716 τὸν
621 1651 809 1736 ου’χήσαντα
844 1649 883 1714 τὰ
906 1657 950 1726 εἰς
985 1650 1039 1726 τὰς
1062 1654 1184 1734 πρωίας

40 1776 80 1827 15
92 1751 272 1816 ἅπαατίντιν
293 1749 369 1826 τούς
388 1750 597 1835 ἀμαρτωλοές
616 1754 669 1837 τῆς
688 1756 744 1834 γῆς
758 1756 812 1816 καί
833 1753 1050 1836 stolonum»
1071 1756 1105 1818 έν
1126 1751 1184 1818 πό-

89 1858 170 1928 λεως
191 1853 304 1932 κυρίου
323 1849 397 1925 τούς
420 1851 648 1934 ἐργαζομένους
670 1850 704 1916 τὸ
727 1845 844 1934 ἄνομον
864 1855 962 1934 μέχρι
986 1855 1041 1916 καί
1060 1855 1105 1928 τίς
1123 1857 1184 1916 αρ’-

90 1949 148 2025 τὰς
169 1957 303 2034 τρίχας,
324 1947 358 2014 τὸ
377 1949 472 2014 κακὸν
502 1950 578 2034 ἡμῖν
607 1950 827 2036 έκοριίφαισεν,
849 1955 903 2017 ἳνα
926 1953 972 2026 εἰς
992 1949 1026 2016 τὸ
1049 1956 1111 2016 πᾶν
1133 1949 1184 2036 ῥι-

89 2054 195 2132 γῶμεν
215 2051 406 2130 ἐψιλωμένον
427 2055 482 2114 καί
500 2047 557 2124 τὰς
579 2051 731 2136 κεφαλάς.
771 2047 831 2116 κᾶν
851 2047 952 2116 τῖπου
978 2053 1183 2136 διεκπέφεογί

90 2174 153 2215 τινι
180 2147 292 2231 πώγων
320 2148 374 2212 καί
403 2142 442 2233 ἦν
476 2149 662 2230 καθιέμενος
691 2153 847 2231 κοσμίως,
879 2147 922 2226 ὥς
949 2147 1016 2234 εἶχε
1046 2148 1181 2237 φύσεως,
1225 2167 1233 2182 “

41 2269 81 2322 20
91 2249 258 2327 ἁπτόμενοι
289 2243 400 2312 τούτου
422 2248 451 2312 ni
479 2251 601 2332 φαῦλοι
624 2259 749 2333 κουρεῖς
774 2255 815 2336 τῇ
834 2245 927 2338 ἑτέρᾳ
946 2253 1040 2334 χειρί,
1060 2251 1182 2338 θατέρᾳ

91 2349 130 2412 δέ
158 2349 221 2410 τῶν
254 2347 334 2410 κατὰ
364 2347 507 2433 κεφαλήν
538 2351 670 2431 τριχιὸν,
695 2353 796 2414 ταῦτα
826 2353 886 2428 μέν
908 2345 989 2413 εἶναι
1012 2347 1091 2414 καλαὶ
1116 2347 1181 2414 ἕλο-

92 2471 167 2530 γον,
196 2447 299 2512 έκεῖνο
321 2449 355 2512 δέ
377 2444 490 2529 κακέ,
509 2445 547 2512 τὰ
576 2451 634 2512 τοῦ
653 2448 819 2532 πώγωνος,
849 2447 1064 2530 α’στιϊζόμτνοι
1086 2449 1119 2512 έν
1142 2449 1183 2510 ou’

94 2556 244 2623 παικτοῖς.

94 2789 280 2860 cuiuscunque
298 2789 390 2858 capiti,
407 2789 467 2860 pari
488 2789 552 2840 odio
571 2789 702 2840 habentes
716 2789 872 2858 promissam
885 2796 941 2840 tum
962 2789 1107 2838 caesariem
1125 2795 1181 2838 tum

94 2859 215 2911 barbam.
252 2877 302 2912 nec
320 2861 410 2911 sidere
431 2869 539 2930 poteras
562 2860 687 2912 fortunae
705 2861 890 2928 cuiuscunque
904 2859 1040 2910 hominem
1061 2861 1182 2927 quamuis

115 2947 208 2982 uerum
227 2949 282 2982 non
301 2931 470 2982 circumcirca
490 2940 613 2992 tonsum,
632 2931 720 3002 qualis
739 2939 788 2994 cst,
810 2932 916 2999 opinor,
934 2945 1003 2998 quae
1023 2931 1052 2980 in
1071 2947 1183 3000 proscr-

94 2951 168 3054 lium
187 3001 257 3053 abiit
276 3003 408 3054 Hectorea
430 3009 558 3062 tonsura,
582 3004 637 3054 aive
658 3019 673 3052 a
693 3001 800 3056 Theseo
826 3003 1013 3069 cognominata
1032 3001 1180 3070 sincipitis:

94 3081 126 3126 ut
143 3081 198 3124 tum
217 3074 360 3142 oppositae
389 3081 480 3124 essent
506 3074 591 3141 prisca
613 3073 745 3125 Abantem
771 3089 846 3124 coma
874 3071 1022 3141 promissa,
1042 3071 1181 3122 ethorum

95 3145 251 3196 Latinorum
271 3144 438 3194 circumcirca
455 3153 534 3195 tonsa
552 3161 601 3194 nec
619 3145 670 3194 nisi
688 3145 717 3195 in
737 3161 838 3195 summo
858 3144 963 3211 capite,
983 3151 1013 3193 ut
1030 3143 1068 3192 ita
1086 3140 1183 3202 (licam,

95 3215 197 3266 relicta.
239 3213 372 3264 serviebat
395 3213 429 3265 arl
458 3231 517 3266 earn
543 3221 679 3266 tonsuram
707 3215 812 3266 Latinis
835 3215 994 3284 capillorum
1014 3212 1183 3264 curatoribus

94 3285 176 3337 morlo
195 3284 346 3346 nouacula,
364 3283 445 3337 modo
473 3286 603 3348 acinaces,
622 3285 829 3337 violentioribus
849 3286 928 3336 etiam
948 3283 1063 3352 gladius.
1102 3292 1182 3352 atqua

94 3357 169 3408 illico
190 3355 272 3408 etiam
300 3354 383 3406 barba
407 3354 549 3406 'levabatur
578 3357 635 3406 siro
659 3357 697 3406 ita
718 3365 813 3418 tonso,
843 3364 971 3426 erantque
998 3353 1109 3406 omnino
1131 3355 1183 3404 rari

95 3428 216 3489 Romani,
235 3427 349 3496 quorum
366 3436 448 3497 caput
465 3428 600 3496 integrum
620 3435 699 3478 esset.
719 3425 889 3478 habebantur
909 3429 979 3478 enim
998 3443 1082 3487 secus,
1100 3431 1183 3546 attpue

95 3495 165 3548 illud
183 3507 225 3550 est
244 3495 334 3548 “baud
363 3499 433 3568 perit
461 3497 630 3566 ecapitibus
660 3500 759 3549 nostris
778 3499 918 3566 capillus.”
954 3511 1071 3566 namque
1091 3513 1133 3546 cre
1156 3511 1183 3545 ra

96 3577 213 3638 peccata,
233 3585 346 3640 quorum
366 3577 469 3620 mature
487 3586 588 3638 poenas
606 3567 737 3631 dedimus,
762 3577 794 3619 ut
810 3570 927 3619 minatus
947 3569 994 3617 ille
1013 3575 1062 3628 eat,
1081 3573 1183 3617 mature

96 3655 124 3690 se
143 3641 290 3692 occisorum
303 3640 374 3692 tilios
387 3648 472 3691 terrae
491 3639 637 3709 improbos,
656 3648 684 3690 et
699 3639 851 3690 deleturum
870 3655 903 3688 ex
922 3637 988 3688 urbe
1007 3637 1117 3698 donatiui,
1136 3638 1181 3708 qui

96 3710 195 3760 iniusto
213 3720 300 3778 agant,
322 3711 355 3761 arl
373 3711 486 3780 capillos
513 3727 606 3778 usque,
627 3711 760 3761 iniseriam
786 3717 902 3760 nostram
922 3708 1184 3770 cumulaverunt,'ut

97 3797 205 3850 prorsus
225 3784 375 3848 rigaremus,
395 3783 458 3851 ipsis
477 3783 556 3832 etiarn
574 3781 705 3848 capitibus
724 3779 840 3831 nudatis.
885 3795 915 3828 ac
935 3777 956 3828 si
977 3780 1018 3828 cui
1040 3777 1122 3830 barba
1140 3779 1183 3830 in-

97 3849 211 3901 columis
232 3857 366 3915 evasisset,
386 3862 413 3904 et
432 3853 569 3919 eleganter
587 3851 700 3902 tlemissa
722 3849 863 3919 penderet,
883 3850 988 3919 qualem
1007 3858 1102 3900 natura
1120 3867 1184 3919 pro-

97 3923 225 3984 miserat,
253 3939 310 3974 eum
331 3925 436 3975 scelesti
457 3923 497 3974 illi
518 3932 640 3974 tonsores
664 3923 748 3972 attera
768 3935 847 3972 manu
867 3917 958 3980 barba,
977 3919 1060 3972 altera
1080 3921 1184 3990 capillis

95 3990 269 4062 prehensum,
285 3994 440 4056 vellebant,
460 4005 488 4046 et
514 3994 599 4044 “haec
618 3992 728 4062 quisleni
749 3992 841 4060 pulcra
856 3999 928 4054 sunt,
950 3991 1116 4062 inquiebant,
1136 3991 1183 4044 illa

98 4063 192 4134 (barba
214 4063 326 4134 scilicet)
344 4083 399 4118 nun
418 4065 506 4126 τουτί’
526 4065 645 4118 iocantes
667 4065 695 4116 in
716 4080 743 4114 ra
761 4061 870 4115 ruininse
890 4063 987 4114 iocosa.
