2736 4624
192 347 241 417 οο
481 323 647 438 [innuas
676 327 965 442 aaaanrancr]

190 503 237 578 είς
257 501 393 584 Χαρρὰν
420 505 476 584 τῆς
498 507 757 584 Μεσοποταμίας.
809 507 951 572 ἐνταῦθα
976 507 1010 572 δὲ
1031 505 1183 592 Ἀβροόμ
1203 507 1286 574 δέκα

189 605 233 688 τῷ
263 599 359 685 πατρί
382 600 436 664 καί
455 605 544 667 πέντε
572 605 766 686 ’συνοικήσας
790 603 845 689 ἔτη
876 609 979 670 ἑννοεϊ
1008 611 1082 671 ποτὲ
1109 609 1222 692 νυκτός
1245 614 1285 672 ἐκ

186 705 242 786 τῆς
261 705 322 768 τῶν
342 694 466 784 ἄστρων
487 698 637 784 κινήσεως
658 707 717 766 τοῦ
729 704 871 781 ἐπιόντος
884 707 996 790 καιροῦ
1016 707 1285 785 κατασκέψασθαι

186 791 243 884 τὸν
263 801 418 884 πίοτητα·
472 795 512 884 ἦν
540 800 599 884 γόρ
630 801 670 864 ου’
689 805 823 884 μετρίως
851 803 915 867 ύπό
938 807 994 868 τοῦ
1013 801 1130 886 πατρός
1148 802 1286 869 ἅπασαν

184 900 241 984 τήν
261 900 409 984 τοιαύτην
442 900 624 985 όξασκηθείς
652 901 832 986 ἐπιστήμην.
886 903 943 964 καί
963 904 1001 986 δη
1023 900 1104 984 μετὰ
1126 901 1183 986 την
1203 900 1316 976 ἑκά-5

184 1025 262 1065 στου
284 1003 347 1064 τιῦν
368 1003 563 1084 ζητουμένων
585 998 754 1083 διάγνωσιν
771 1005 896 1086 συνίησι
918 1000 1065 1086 περιττὴν
1084 999 1212 1068 ’ἅπασαν
1228 997 1282 1070 εί-

183 1124 235 1165 ναι
256 1099 312 1182 τὴν
334 1099 481 1180 τοιαύτην
499 1100 701 1182 περιεργίαν·
743 1095 903 1164 δύνασθαι
916 1098 976 1182 γόρ
997 1093 1095 1175 αὖθις
1114 1099 1279 1183 τὸνθεόν,

183 1203 214 1266 εί
231 1197 385 1290 βούλριτο,
406 1197 637 1278 μετασκευάσαι
657 1198 736 1282 πρός
755 1197 788 1263 τό
814 1201 928 1264 οίιιεῖον
947 1197 1091 1285 βούλημα
1116 1197 1154 1264 τό
1178 1197 1280 1284 προε-

182 1302 355 1383 γνωσμὲνα.
377 1298 473 1360 πᾶσιν
495 1289 552 1361 uia
571 1299 695 1373 τούτοις
713 1301 768 1362 καί
784 1306 849 1375 τοῖς
871 1299 1024 1377 τοιούτοις
1047 1301 1080 1379 ἐξ
1101 1297 1174 1383 όλης
1195 1301 1278 1366 aino-

182 1399 353 1481 ταξόμενος
384 1399 510 1479 ψυχῆς,
530 1398 585 1460 καί
608 1400 731 1462 τελείαν
758 1399 815 1480 τῆς
836 1399 911 1480 περί
938 1396 972 1463 τό
997 1403 1086 1463 θεῖον
1107 1401 1277 1484 εόσεβείας
1291 1417 1335 1471 10

182 1497 258 1575 δούς
277 1495 334 1584 τη“ν
354 1495 524 1579 α’πόδειξιν,
540 1493 648 1558 α’κοόει
669 1493 756 1578 παρό
772 1497 849 1559 θεοῦ
870 1495 999 1576 “chelm
1020 1499 1121 1582 ε’κτῆς
1134 1502 1191 1583 γῆς
1212 1523 1276 1566 σου

180 1602 236 1664 κατ’
257 1599 292 1662 ἐκ
313 1599 370 1662 τοῦ
390 1594 476 1658 οἴκου
497 1596 555 1658 τοῦ
576 1593 694 1679 πατρός
719 1597 807 1673 σου,”
834 1597 890 1660 κατ’
907 1593 1043 1676 ε’ξελθοόν
1064 1594 1133 1679 όίμα
1152 1601 1192 1684 τῇ
1212 1623 1275 1682 γυ.

180 1701 268 1763 rarat
286 1695 397 1782 Σόρρρι
425 1697 480 1757 καί
500 1694 544 1780 τῷ
565 1690 644 1758 Λοότ
664 1695 705 1781 τῷ
736 1693 899 1780 ἀδελφιδῷ
916 1695 1122 1775 μετοικίζεται
1145 1698 1192 1772 εἰς
1212 1695 1274 1782 την

176 1794 353 1882 Ἀρφαξόδ
379 1791 571 1875 τοῦπατρὸς
598 1793 697 1856 ου’τοῦ
720 1795 845 1876 μερίδα,
867 1791 904 1877 ἢν
925 1789 955 1857 ni
972 1797 1150 1860 Χαναναῖοι
1171 1821 1272 1862 κατα-

178 1894 307 1979 σχόντες
326 1890 384 1976 viv
405 1889 592 1956 Χαναναίαν
610 1888 771 1968 ἐκάλεσαν,
794 1883 839 1956 οῦν
860 1894 939 1956 ἐτοῖν
959 1892 1011 1956 σε’.
1286 1917 1330 1970 15

254 1994 353 2073 Ὁμοῦ
374 1989 478 2056 τοίνυν
493 1989 608 2072 γίνεται
629 1985 683 2072 ἔτη
694 1991 792 2072 μέχρι
813 1993 867 2075 τῆς
886 1997 1092 2074 παροικεσίας
1110 1994 1273 2078 Ἀβρααμ

178 2089 328 2158 τοσαῦτα.
383 2088 400 2154 ό
423 2085 633 2172 διαμερισμός
665 2093 721 2172 τῆς
741 2093 799 2174 γῆς
818 2093 923 2172 γέγονε
942 2093 982 2179 τῇ
1002 2092 1088 2179 α’ρχῇ
1107 2095 1170 2158 τοῦν
1190 2090 1273 2178 ἦμε-

178 2195 242 2276 ριῦν
265 2193 379 2259 walia.
438 2187 500 2252 α’πό
522 2191 559 2253 δὲ
581 2189 642 2252 τού
662 2190 876 2273 διαμερισμσῦ
887 2194 941 2274 τῆς
959 2195 1015 2274 γῆς
1037 2188 1091 2277 ἔτη
1115 2190 1178 2282 μό,
1203 2188 1269 2258 einai

177 2295 213 2356 δὲ
233 2295 288 2356 τοῦ
309 2291 532 2368 κατακλυσμοῦ
553 2286 606 2372 ἔτη
625 2291 715 2370 χίλια
738 2291 915 2374 δεκαπέντε,
937 2289 999 2352 α’πό
1023 2293 1058 2354 δὲ
1078 2289 1192 2373 Ἀδόμ
1213 2289 1272 2378 ἔτη

176 2391 338 2474 τρισχίλια
359 2388 505 2453 διακόσια
527 2382 738 2470 ἑβδομήκοντα
758 2383 848 2450 ἑπτά.
1280 2409 1326 2464 20

259 2489 438 2570 Διατρίψας
458 2489 492 2549 δὲ
516 2481 706 2570 όἈβραόμ
725 2484 805 2566 μετό
834 2485 890 2570 τήν
910 2482 1018 2566 ἔξοδον
1038 2489 1072 2554 όν
1088 2492 1129 2576 τῇ
1146 2491 1186 2576 γῇ
1206 2495 1272 2556 τῶν

177 2591 371 2653 Χαναναίων
401 2585 452 2672 ἔτη
486 2587 674 2651 εἰκοσιπέντε
706 2590 800 2674 γεννᾷ
829 2585 885 2650 τόν
907 2588 1023 2654 Ἰσαόκ.
1065 2586 1125 2670 πρὸ
1148 2591 1185 2652 δὲ
1207 2591 1272 2652 τοῦ

175 2685 279 2754 Ἰσαόκ
298 2689 442 2769 γεννᾶται
472 2685 508 2749 ἐκ
533 2687 591 2748 τοῦ
615 2681 771 2770 Ἀβραὰμ
801 2683 818 2749 ό
840 2683 968 2771 Ἰσμαηλ
988 2683 1051 2751 α’πό
1064 2679 1129 2772 ’τῆς
1143 2679 1269 2771 Ἅγαρ,

176 2937 222 3007 qui
245 2952 327 3006 prope
342 2933 535 2985 Chaldaeorum
555 2933 647 2986 urbem
667 2931 815 2998 habitabat,
833 2943 937 2988 mumto
953 2935 1090 2987 domicilio
1112 2950 1203 2988 omnea
1222 2937 1268 2988 fa-

175 3007 292 3059 miliares
317 3005 450 3067 Chartam
471 3005 682 3074 Mesopotamiae
709 3004 800 3057 urbem
824 3006 951 3064 traduxit.
987 3007 1026 3058 ibi
1047 3023 1130 3075 quarm
1149 3007 1267 3058 Abraam

177 3077 210 3129 15
228 3094 311 3129 annon
329 3075 401 3146 apud
425 3084 527 3145 patrem
559 3073 693 3144 deginaet,
712 3083 792 3128 noete
822 3076 956 3147 quondam
977 3093 1010 3127 ex
1029 3077 1169 3130 stellarum
1187 3087 1282 3130 mota

175 3149 259 3199 futuri
277 3147 405 3216 temporis
424 3145 574 3197 ubertatem
592 3147 728 3216 inquirere
747 3147 848 3212 volnit3
870 3156 927 3200 erat
948 3149 1019 3198 enirn
1043 3163 1096 3198 non
1115 3147 1264 3200 mediocri-

175 3227 216 3270 ter
229 3235 244 3268 a
255 3225 331 3288 patre
344 3233 449 3268 omnem
463 3234 520 3267 eam
538 3215 685 3266 doctrinam
698 3216 817 3271 edoctus.
836 3227 892 3270 turn
906 3226 1046 3288 postquam
1061 3219 1176 3284 singula,
1190 3237 1264 3288 quae

174 3289 304 3350 voluerat,
323 3289 456 3356 cognovit,
476 3288 613 3338 intellexit
636 3303 741 3338 omnem
759 3305 817 3340 eam
836 3305 924 3340 euram
944 3289 1067 3340 inutilem
1091 3301 1162 3355 ease3
1181 3307 1263 3359 porse

175 3361 246 3410 enirn
265 3359 354 3410 atatim
369 3358 459 3420 deum,
476 3359 497 3408 ai
519 3358 608 3418 vellet,
629 3367 733 3410 mutare
752 3359 785 3410 ad
806 3375 880 3410 auam
898 3359 1073 3416 voluntatem,
1091 3373 1163 3428 quae
1180 3377 1263 3430 prae-

172 3431 229 3481 viaa
251 3427 371 3481 luiaeent.
415 3429 457 3480 hia
477 3429 558 3496 igitur
584 3427 661 3480 rebua
680 3429 803 3480 omnibus
822 3437 850 3481 et
878 3429 1010 3480 similibus
1031 3437 1088 3480 toto
1109 3431 1197 3481 animo
1216 3449 1263 3483 re-

172 3501 302 3552 nuncians
322 3509 349 3550 ει
366 3501 502 3568 perlectae
510 3499 547 3550 'in
562 3498 642 3550 deum
654 3500 763 3570 pietatis
782 3500 934 3568 exemplum
952 3499 1082 3551 exbibens
1101 3517 1193 3552 vocem
1215 3501 1263 3554 atti

172 3571 293 3622 audivit:
312 3571 373 3622 “exi
406 3587 421 3621 e
449 3577 519 3621 terra
541 3577 586 3620 tua
619 3578 646 3621 et
673 3585 687 3624 e
713 3571 793 3622 domo
818 3571 901 3640 patria
929 3571 985 3622 tui”
1011 3579 1039 3622 et
1058 3585 1179 3638 egreaeua
1199 3589 1262 3625 cnm
1361 3591 1362 3600 ¹

59 3629 65 3644 ’
172 3643 236 3692 Sara
255 3657 338 3693 uxore
356 3647 384 3692 et
404 3641 464 3703 Lot,
481 3641 569 3690 fratris
587 3639 659 3702 lilio,
679 3643 803 3708 migravit
821 3643 848 3692 in
868 3643 903 3692 Ar
924 3639 1010 3691 hand
1030 3643 1101 3708 patri
1121 3659 1171 3693 τοο
1192 3647 1283 3696 ani--

172 3723 277 3778 gnatam
295 3721 407 3782 partem,
425 3727 504 3782 quam
523 3707 675 3763 chananaei
694 3712 824 3763 tenebant
849 3721 878 3763 et
919 3711 1055 3764 hananlaa
1073 3713 1265 3780 nominabant,

172 3801 255 3834 annua
273 3793 351 3835 natue
371 3781 412 3836 75.
1045 3796 1047 3800 ’

242 3855 305 3904 Erat
323 3855 404 3921 igitur
421 3865 551 3902 annorum
569 3867 655 3920 nuque
674 3851 707 3901 ad
721 3851 904 3917 migrationem
925 3849 1039 3904 Abraam
1059 3869 1185 3906 οιιιοετιιι
1200 3853 1262 3911 hier

170 3931 258 3974 terrae
280 3925 388 3993 partitio
409 3921 477 3973 lacta
498 3929 555 3971 erat.
572 3923 651 3974 initio
670 3923 742 3973 vitae
752 3921 871 3986 Phalel3
888 3921 922 3971 ab
939 3921 989 3974 bae
1006 3933 1095 3976 terrae
1112 3925 1262 3994 partitione

170 3995 234 4046 anni
254 4003 331 4044 erant
351 3992 430 4056 λθῡός
450 4009 466 4042 a
483 3989 586 4043 diluvia
605 3991 669 4042 anni
692 3991 772 4056 1015;
791 3991 824 4042 ab
839 3992 939 4044 Adanan
959 3995 1022 4045 anni
1043 3994 1122 4046 327⁷.

243 4064 353 4114 hbraam
372 4065 463 4114 relicta
481 4063 568 4132 patria
586 4079 669 4132 qnam
687 4063 714 4112 in
735 4061 954 4114 Chananaeorum
971 4071 1042 4115 terra
1060 4065 1094 4116 25
1111 4079 1198 4119 annos
1215 4071 1262 4122 vi-

169 4133 262 4197 xisset,
283 4135 375 4201 gennit
396 4135 475 4183 lanan.
511 4130 558 4183 aed
578 4141 641 4184 ante
657 4133 730 4182 iaaac
748 4141 876 4200 genuerat
889 4131 1002 4186 Abraam
1023 4149 1055 4186 aa
1074 4138 1144 4202 Agar
1161 4139 1263 4192 lamael

170 4223 185 4258 a
206 4221 260 4276 quo
278 4203 472 4258 ismaelitarum
495 4217 560 4270 gena
579 4210 639 4254 orta
657 4210 698 4254 eat
716 4210 744 4255 et
759 4203 873 4271 algareni
900 4204 945 4274 qui
966 4206 1047 4257 etiarn
1066 4205 1193 4261 Saraceni
1212 4210 1261 4264 ali-
