2776 4612
231 284 305 356 382
653 291 906 364 ausTtTtuus

170 443 308 528 272aioa
327 443 396 524 μετ’
420 438 460 508 ον’
487 441 580 506 πολύ.
622 435 783 508 coloritus
810 445 870 525 μὲν
892 437 952 506 δύο
972 441 1041 506 τότε
1059 439 1333 528 συνωμοσολσθην,

230 545 265 608 ἐν
291 542 328 606 δὲ
355 547 424 618 τοῖς
442 539 498 606 καί
525 541 663 620 Ἀλίξιος
691 534 748 626 ἦν,
779 539 1030 628 πρωτοστρύτωρ
1059 543 1119 622 μὲν
1147 541 1203 626 τὴν
1222 541 1331 626 α’ξίαν,

230 641 405 724 α’νεψιύούς
425 643 462 706 δὲ
476 636 602 727 γνήσιος
624 643 680 706 καί
696 637 851 728 ύπερλίαν
872 640 1006 726 φιλητύς
1028 643 1072 730 τῷ
1091 645 1222 723 βασιλεῖ
1240 645 1331 706 Μα-

229 735 348 822 νουὴλ·
389 737 468 824 πρός
490 743 525 806 δὲ
545 743 600 804 καί
617 741 763 825 Ἰωάννης
783 737 910 816 Δούιιας
930 739 948 804 ri
969 738 1126 826 ἔπαρχος,
1155 739 1194 806 ὃν
1214 743 1272 805 καί
1293 745 1330 819 ἐξ

231 833 328 924 αύτῆς
355 841 433 915 θέας
462 841 644 926 τεκμήραιτ’
667 833 708 905 ἄν
734 863 784 916 τις
805 837 1017 906 καλλιστεύειν
1036 845 1070 906 ἕν
1092 843 1227 926 α’γαθοῖς
1249 844 1354 922 (με-5

229 939 310 1024 γίλη
334 942 364 1003 δ’
386 942 420 1005 ἐν
446 935 568 1014 τούτοις
589 947 688 1023 μοῖρα
710 937 839 1025 ζήλου),
871 943 925 1004 καί
946 936 976 1003 οἱ
999 943 1183 1025 Καίσαρες,
1203 939 1224 1024 ἡ
1245 966 1329 1026 πορ-

232 1042 460 1126 φυρογίννητος
470 1041 596 1122 Μαρία,
618 1035 657 1122 ἢν
675 1037 737 1102 ainsi
754 1041 799 1126 τῷ
812 1037 1111 1124 βασιλεῖΜανουηλ
1132 1039 1151 1124 ἦ
1174 1043 1208 1120 ἐξ
1227 1041 1328 1106 Ἀλα-

229 1141 341 1220 μανυῖν
363 1137 482 1226 Εἰρήνη
500 1138 535 1205 τύ
558 1133 647 1222 ἅγιον
667 1137 770 1222 ἐκείνη
789 1141 926 1224 γέννημα
947 1140 1091 1224 ἐγείνατο,
1113 1143 1168 1205 καί
1187 1141 1204 1203 ri
1225 1145 1328 1220 συζυ.

231 1232 297 1322 γοῦν
314 1237 395 1326 αὐτῇ
427 1240 570 1322 Ἰωάννης
600 1237 619 1302 si
643 1239 833 1322 μαρκίσιος,
862 1240 988 1314 νεανίας
1013 1242 1072 1320 μὲν
1101 1238 1161 1324 τήν
1189 1241 1327 1324 ἡλικίαν,

232 1341 349 1413 τέλειος
370 1339 405 1402 δὲ
427 1335 486 1421 τὴν
508 1338 649 1422 ἀνδρίαν.
692 1338 784 1402 ὁποῖα
805 1339 840 1404 δὲ
863 1341 897 1402 ἐν
916 1336 1072 1413 τοιούτοις
1092 1339 1137 1416 τίς
1159 1338 1198 1404 τύ
1220 1340 1324 1404 πολλὰ
1338 1351 1368 1402 tt

231 1439 411 1518 ξυμπίπτει,
432 1435 509 1502 ἔνθα
535 1435 666 1521 ὃλόχος
687 1439 745 1500 ουίι
765 1435 832 1526 ἔχει
857 1435 1054 1519 κρύπτεσθαι
1077 1441 1122 1514 εἰς
1141 1445 1231 1515 τέλος
1253 1443 1326 1505 att·

233 1539 438 1624 ε’κφαίνεται,
461 1539 633 1622 φωριὸνται
653 1537 767 1614 πάντες
788 1537 818 1602 οἱ
837 1540 975 1601 τοιοῦτον
998 1531 1064 1614 ἑνός
1084 1563 1167 1617 τινος
1185 1543 1250 1605 τοῖν
1272 1547 1328 1603 λο-

231 1641 331 1722 χιτῶν
352 1635 639 1719 ιιαταμηνύσαντος,
659 1641 715 1704 καί
733 1645 947 1722 συγκροτεῖται
968 1638 1049 1721 δίκη.
1092 1644 1147 1702 καί
1160 1639 1326 1722 προκάθη-

231 1761 286 1804 ται
305 1741 364 1819 μὲν
387 1737 406 1822 ἦ
428 1739 591 1820 ἐπίτροπος
610 1738 723 1824 μήτηρ,
741 1736 836 1822 κυρία
856 1733 981 1802 πάντων
1003 1731 1063 1824 ἤδη
1085 1743 1326 1824 προβεβλημένη

230 1837 332 1926 utrinq}
355 1841 451 1924 κοινῇ,
470 1836 513 1913 οὖς
532 1837 576 1921 μὴ
592 1831 722 1924 ὤφελεν,
744 1833 944 1922 ύποκύθηται
965 1840 999 1902 δὲ
1021 1837 1036 1902 ὅ
1058 1835 1128 1913 υἱὸς
1151 1838 1208 1901 καί
1228 1845 1326 1920 βασι·
1336 1857 1365 1908 15

230 1937 304 2011 λεύς
326 1937 472 2014 Ἀλέξιος.
516 1940 572 2000 καί
588 1939 836 2022 κατηγοροῦνται
857 1934 887 2001 ui
918 1937 975 2000 τόν
996 1938 1261 2021 πρωτοσεβαστὸν
1286 1941 1326 2002 ου’

232 2036 366 2122 φαύλως
391 2041 578 2120 μισοῦντες,
600 2039 654 2101 καί
672 2037 752 2118 μετὰ
773 2033 874 2102 πολλοὶ
906 2036 944 2100 τύ
971 2035 1023 2102 dui
1046 2041 1152 2118 μέσων
1172 2043 1326 2120 κατακρί-

196 2225 197 2232 η
231 2159 349 2218 νονται,
370 2136 582 2218 βραβεύοντος
599 2137 644 2211 εἰς
664 2135 699 2200 τύ
722 2138 834 2223 πᾶντῇ
852 2137 982 2224 τοιαύτῃ
1001 2139 1169 2224 reticueris
1185 2141 1245 2200 τοῦ
1264 2143 1326 2219 βα·

231 2236 372 2301 θυτιίτου
394 2232 564 2318 Θεοδώρου
591 2239 650 2301 τού
672 2237 880 2320 Παντεχυού,
903 2239 959 2301 τοῦ
979 2235 1183 2301 δικαιοδότου
1198 2237 1255 2300 καί
1273 2237 1326 2301 ε’πί

232 2339 293 2399 τῶν
313 2335 492 2400 clarianus·
534 2341 607 2400 καθ’
630 2328 670 2400 ού
689 2333 828 2419 θελήσας
843 2339 988 2418 ἐνστῆναι
1009 2331 1137 2418 ὅμέγας
1154 2333 1189 2398 ἒν
1210 2353 1362 2418 nurus-20

235 2435 352 2518 ύρχαις
373 2431 490 2516 ἔσχασε
512 2439 616 2500 πᾶσαν
637 2437 670 2500 ἐν
690 2443 788 2510 κενοῖς
809 2437 972 2518 μηχανήν·
1015 2427 1055 2517 ἦν
1073 2432 1135 2518 γύρ
1158 2430 1174 2495 ὅ
1197 2440 1324 2499 fluere·

234 2535 313 2620 χνὴς
336 2533 463 2620 ἀληθῶς
485 2532 686 2620 Παντεχνης.
741 2537 986 2622 καθείργνυνεαι
1005 2528 1062 2597 οὖν
1086 2535 1119 2598 ἐν
1136 2535 1179 2620 τῷ
1197 2537 1323 2622 μεγάλῳ

307 2705 347 2757 12.
366 2707 454 2760 τινοῖν
474 2703 498 2756 Τ

234 2867 321 2935 ipsum
345 2881 408 2916 snos
428 2865 569 2934 imperium
597 2863 770 2928 nobilitavit,
787 2863 857 2916 sicut
881 2861 1039 2914 nobilitavit
1064 2870 1177 2932 patrem.
1215 2861 1244 2914 lsi
1271 2863 1324 2932 igi-

234 2943 280 2988 tur
308 2935 363 2986 duo
388 2939 572 2987 invenustum
601 2936 804 3005 conspirarunt,
823 2941 851 2986 et
878 2951 930 2986 una
954 2951 1014 2984 cum
1038 2935 1070 2984 iia
1089 2933 1209 2994 Alexim,
1227 2945 1323 3005 proto-

234 3015 333 3058 strator
353 3005 505 3072 dignitate,
524 3007 653 3076 patruelis
671 3014 699 3058 et
724 3007 791 3058 mire
810 3023 886 3056 carus
908 3006 1062 3076 imperatori
1086 3005 1224 3066 Illunueli;
1243 3023 1323 3074 prae·

233 3087 306 3131 terea
324 3079 439 3128 loannes
457 3079 544 3128 Ducas
573 3075 718 3145 eparchon,
736 3095 816 3148 qrsem
844 3078 888 3127 vel
907 3093 940 3127 ex
962 3077 1022 3146 ipso
1042 3077 1118 3128 vultu
1139 3085 1249 3146 putares
1270 3077 1323 3126 eir-

233 3157 292 3201 tute
312 3148 465 3216 primarium
499 3145 625 3218 (quorum
658 3149 777 3198 omnium
796 3164 890 3216 inagna
912 3155 968 3198 erat
987 3145 1201 3217 ambitiu);tum
1224 3147 1322 3198 Caeca-

234 3237 285 3281 rea‚
306 3219 391 3270 Maria
410 3219 646 3288 porphyrogenita,
665 3235 744 3287 quana
769 3220 922 3288 imperatori
941 3219 1061 3270 illonueli
1080 3219 1157 3268 lrcue
1176 3217 1323 3268 liemanua

255 3297 313 3342 artu
332 3291 438 3360 peperit
456 3299 634 3354 sacrosancto,
654 3298 681 3340 ct
691 3290 788 3342 coniux
802 3291 859 3342 eius
873 3293 986 3341 loannes
997 3286 1124 3349 marchio,
1144 3295 1234 3340 aetate
1256 3290 1323 3338 arlo-

233 3309 354 3424 lucens,
378 3363 479 3412 virtuto
500 3360 615 3412 adultus.
660 3377 750 3411 rerum
777 3369 809 3413 ut
829 3363 885 3411 l'ere
909 3361 1044 3411 eveuitin
1072 3359 1119 3411 tali
1139 3377 1176 3422 re,
1196 3359 1324 3427 quando-

235 3431 346 3500 quidem
366 3432 528 3502 conspiratio
549 3431 688 3499 usquead
707 3433 787 3482 finem
808 3432 888 3482 celari
908 3433 1013 3500 nequit,
1038 3429 1131 3480 sedin
1150 3429 1237 3480 lucens
1257 3447 1323 3498 pro-

235 3505 330 3567 fertur,
352 3503 592 3573 deprehenduntur
611 3520 711 3564 omnes,
729 3502 762 3552 ab
782 3519 837 3552 uno
858 3503 950 3571 aliquo
970 3518 985 3552 e
1004 3501 1149 3552 coniuratis
1170 3516 1198 3550 re
1220 3501 1324 3552 ludica-

235 3583 271 3636 ta,
299 3591 330 3626 ac
356 3575 480 3642 quaestio
499 3573 658 3624 instituitur.
704 3591 734 3623 ac
752 3571 888 3640 praesidet
912 3571 1013 3624 iudicio
1031 3582 1115 3623 mater
1142 3573 1322 3640 imperatoris,

235 3663 322 3696 rerum
341 3645 393 3694 iarn
413 3644 520 3694 domina
539 3643 672 3696 declarata
690 3645 814 3709 suffragio
833 3645 968 3697 communi
987 3645 1114 3703 omnium,
1132 3641 1159 3693 id
1178 3643 1254 3712 quod
1274 3643 1322 3693 uri-

235 3719 306 3768 ninre
324 3715 446 3779 decebat,
464 3714 601 3768 assidebat
620 3723 708 3768 autern
728 3715 799 3765 filiun
829 3715 887 3765 eius
907 3715 1054 3783 imperator
1072 3715 1190 3765 alexius.
1230 3714 1322 3782 itaque

234 3795 412 3850 accusantur,
439 3788 486 3856 qui
517 3785 589 3836 haud
613 3795 712 3838 tesuerc
741 3784 858 3836 oderunt
884 3784 1114 3853 protosebastum,
1139 3793 1224 3852 atque
1251 3785 1321 3835 mul·

235 3857 270 3906 tir
297 3857 437 3909 transactis
466 3857 670 3928 quaestiouibus
694 3855 922 3918 condemnantur,
952 3855 1098 3906 adiuvante
1125 3855 1322 3906 studiosissima

234 3942 293 3976 eam
319 3929 481 3980 sententiam
505 3927 679 3979 callidissimo
707 3929 766 3978 viro
795 3925 941 3978 Theodoro
968 3925 1141 3988 Ροοῑεσλταο,
1165 3926 1214 3994 qui
1242 3925 1321 3976 iudex

235 4005 264 4047 et
296 3999 448 4063 praelectus
483 3999 578 4050 aerarii
613 4006 685 4060 erat,
716 3999 758 4048 eui
789 3997 904 4048 obnixus
929 3996 1141 4066 patriarcharum
1179 3998 1320 4065 princeps,

235 4081 329 4116 omnes
358 4067 491 4119 incessum
522 4067 657 4120 machinas
678 4065 834 4120 adhibebat·
861 4068 1009 4120 eratenim
1038 4067 1206 4120 Panteohues
1230 4068 1320 4118 illera

236 4150 299 4188 vera
316 4137 472 4206 πανιεχνής
487 4141 508 4188 i.
526 4156 550 4190 c.
572 4139 653 4190 horno
675 4139 879 4194 versutissimus.
917 4137 1016 4192 dautur
1034 4139 1115 4208 igitur
1135 4137 1275 4192 custodiae
1290 4137 1319 4188 iu
