2756 4620
443 283 813 352 cunonotttttrrrrt.
1129 272 1174 343 91

6 473 8 506 r
82 437 185 518 arreins
205 427 271 520 ἥδη
290 434 519 518 ἐκστρατεύσας
539 438 607 500 κατ’
627 437 743 500 oderis.
786 433 840 496 καί
863 433 894 497 Γ
891 431 986 505 όλλος
1008 433 1178 496 κατεπολέ-

6 509 9 650 .
78 558 130 614 μαι
149 535 215 616 μὲν
229 537 439 620 Μαγνέντιον,
457 529 494 598 δν
515 538 571 600 καί
590 533 721 614 διεῖλεν,
741 526 807 598 εἶτα
829 534 884 596 καί
903 527 982 612 μετὰ
1004 533 1177 596 litaturos-

78 634 149 696 rr'au
170 637 312 715 γίνεται·
363 629 399 696 όν
429 629 446 698 ό
477 631 700 708 Κωνστιόντισς
720 631 844 719 θωπείᾳ
872 632 928 694 καί
944 629 1089 717 κολακείᾳ
1108 653 1177 710 χει-

78 730 269 815 ρωσάμενος
290 730 438 818 διαιρεῖ,
457 731 513 796 καί
530 729 589 817 τὴν
610 731 725 798 radron
744 729 851 815 ἀρχὴν
870 733 985 814 μηδενί
1003 723 1071 794 τότε
1090 726 1177 810 δούς,

6 777 8 888 ό
54 847 69 898 5
75 837 146 912 μετ’
180 834 224 896 ου’
253 830 353 898 πολόν
379 833 514 917 χρόνον,
543 831 616 897 ἐπεί
638 833 781 914 μεγάλως
810 828 846 896 τό
871 832 1010 913 Περσᾶν
1037 832 1177 914 κεκίνητσ

75 931 291 1014 στράτευμα,
321 933 366 1018 τῷ
384 935 443 996 rori
462 933 588 998 Γάλλου
612 931 741 1020 οἷδελφιρῖ
759 931 913 1014 Ἰουλιανρῖ
933 927 1049 1012 ταύτην
1069 952 1176 1010 παρα-

78 1033 228 1118 δίδωσιν,
248 1033 444 1117 ἒξἈδηνοόν
462 1030 562 1098 ου’τόν
581 1029 705 1114 δγαγιόν
725 1029 780 1094 καί
791 1027 1073 1113 προχειρισάμενος
1091 1031 1177 1094 Καί-

78 1155 184 1214 σαρα,
209 1131 270 1195 urin
299 1129 427 1197 δλαττσν
460 1133 506 1207 εἰς
525 1134 617 1197 τοῦτο
638 1133 771 1216 σφαλείς
789 1123 811 1212 ἢ
830 1127 866 1192 τό
884 1122 1010 1210 Ἀρείου
1030 1129 1178 1211 προΐστα-

78 1234 175 1310 σθαι,
193 1232 239 1305 τός
258 1232 303 1306 είς
320 1225 512 1298 ’Aderimus
532 1232 700 1296 όπισκαπσν
715 1227 953 1308 Ἀλεξανδρείας
972 1225 1027 1290 καί
1042 1227 1177 1292 Παῦλον

39 1331 450 1406 ιοΚωνστσνιινουπόλεας
469 1328 570 1394 πολλὰ
584 1328 664 1394 κακό
685 1329 900 1406 ἐνδείξασθαι.
940 1324 1018 1390 κατό
1039 1325 1177 1408 Περσῶν

79 1429 118 1490 δὲ
149 1429 402 1512 ἐκστρατεύσας,
432 1431 488 1494 καί
514 1419 633 1510 ’μαδιόν
662 1427 705 1504 τός
735 1429 870 1512 α’ντῆρεν
896 1422 1065 1500 Ἰουλιανός
1086 1425 1176 1512 αὐτῷ

78 1523 146 1590 cirsai
169 1532 227 1612 τῆς
248 1531 415 1612 συνεχείας
436 1533 497 1594 sois
517 1531 694 1616 φροντίδων
713 1528 808 1593 νόσου
828 1525 1044 1610 ἐπιγενομένης
1063 1526 1098 1590 ἐκ
1117 1546 1175 1604 με·

78 1625 191 1710 λαίκης
211 1631 329 1711 χολῆς,
350 1631 395 1704 τίς
418 1629 539 1710 Μόψου
570 1627 687 1714 κρήνην
708 1625 921 1710 ἐτελεότησεν,
941 1627 975 1688 ἐν
993 1632 1064 1698 ταῖς
1084 1617 1174 1686 sinor.

78 1731 186 1810 ρείαις
206 1728 266 1792 τοῦ
290 1727 416 1812 Ταόρυυ
436 1731 595 1814 κειμένην·
635 1726 727 1793 τόδὲ
753 1728 848 1808 στόμα
869 1725 969 1790 oritoni
989 1719 1136 1806 Ἰοβιανός
1157 1720 1175 1786 ό

39 1824 162 1904 tarsensi
183 1829 289 1891 sarira
315 1824 531 1910 βασιλεύσας,
562 1828 735 1911 προσίκτωρ
757 1819 820 1907 τόν,
838 1820 917 1907 μετό
939 1821 1096 1906 Εόσεβιόις
1117 1824 1173 1905 τῆς

81 1927 184 1990 αότσό
203 1925 331 2012 πραότης
349 1922 503 2010 γυναικός,
524 1927 717 2010 ἀποκομίσας
730 1921 863 1993 desidero
883 1924 1013 2009 πλησίον
1035 1923 1093 1988 τοῦ
1112 1945 1173 1986 ποι-

79 2023 157 2109 τρός
178 2023 283 2088 edrai
303 2027 336 2091 ἐν
356 2029 399 2114 τῷ
427 2022 532 2115 ἦροίιρ.

165 2121 390 2190 Κωνστιίντισν
411 2123 581 2210 κουφότητι
604 2124 728 2210 γνιόμης
746 2125 900 2206 Εὐσέβιος
921 2121 939 2188 ό
960 2123 1174 2208 Νικομηδείας

78 2224 271 2305 παρδπεισεν
293 2223 481 2308 α’ρειανίζειν
502 2228 558 2290 καί
569 2221 626 2307 την
645 2227 727 2302 λέξιν
750 2226 807 2289 suo*
819 2224 991 2306 όμσουσίου
1011 2222 1055 2298 ὥς
1074 2214 1174 2304 ἄγρα-

35 2337 145 2406 λοφσν
165 2321 317 2402 ἐκβαλεῖν.
373 2319 579 2408 Ἀλεξάνδρου
600 2321 799 2410 πατριάρχου
820 2323 1060 2406 τελευτήσαντος
1079 2323 1176 2388 Παδ-

79 2427 135 2494 λας
158 2417 176 2484 ό
199 2421 384 2505 όμολογητὴς
411 2435 648 2505 χειροτονεῖται.
698 2423 810 2490 τσότσυ
841 2427 1042 2508 ἐκβληθέντος
1062 2417 1175 2486 ἑαυτόν

78 2522 240 2602 Ειίσέβισς
267 2520 381 2604 δώροις
411 2520 428 2588 ό
452 2525 650 2610 Νικομηδίιις
681 2525 856 2607 όνθρσνίζει
885 2525 929 2598 εἰς
959 2517 1174 2606 πατριόρχην·

79 2615 143 2685 εἷθ’
164 2615 266 2697 νότιος
293 2623 387 2687 πόλιν
409 2627 544 2702 Παῦλος
566 2623 619 2688 τόν
643 2622 757 2708 θρόνον
777 2620 1010 2704 ἀπολαμβάνει,
1030 2621 1086 2684 καί
1103 2620 1172 2702 μετ’

153 2805 201 2931 φλ.
215 2800 368 2893 Ἰουλιανός
385 2805 456 2882 μιτό
475 2812 496 2868 c
602 2808 642 2865 1⁵·
660 2815 812 2882 nouatum
832 2807 853 2862 C
968 2805 1009 2861 ¹⁸·
1026 2823 1074 2880 it·
1093 2807 1171 2880 ²⁰7¹·

172 2895 230 2952 μῡῑλ
247 2897 283 2931 m·

80 3023 220 3086 maritum,
242 3023 373 3095 deditque
391 3025 415 3076 ei
427 3025 590 3078 occidentem
603 3023 852 3088 administrandum,
869 3025 928 3095 ipse
941 3023 1079 3076 Persarum
1096 3022 1172 3076 belio

82 3103 231 3164 occupatus
249 3104 315 3158 erat,
334 3106 428 3148 contra
444 3113 511 3167 quos
529 3098 636 3149 tertium
662 3099 715 3149 iem
742 3105 799 3150 erat
819 3097 962 3166 proiectus.
998 3095 1094 3146 Gallus
1112 3095 1172 3145 Ms-

81 3167 226 3232 gaentiurn
244 3165 319 3218 betto
336 3161 493 3237 snperutnrn‘
510 3169 654 3221 interfecit.
676 3185 736 3220 ειιια
754 3167 926 3220 Constantius
946 3165 1103 3217 adulatione
1120 3163 1172 3216 de·

82 3247 180 3305 ceptus
199 3237 345 3290 interfecit.
393 3247 421 3290 et
448 3247 505 3290 tum
531 3239 639 3309 quidem
668 3240 725 3290 eius
752 3239 894 3308 imperium
919 3237 1022 3289 nemini
1049 3235 1171 3298 tradidit,

82 3309 251 3377 paulopost
278 3325 362 3371 vero,
388 3311 523 3362 Persarum
553 3312 672 3363 exercitu
702 3307 845 3364 admodum
864 3309 987 3372 incitato,
1005 3307 1078 3360 Gelli
1097 3307 1171 3359 fratri

82 3379 192 3430 iuliano
212 3379 352 3449 imperium
372 3381 485 3434 tradidit
504 3398 618 3450 eumque
634 3381 745 3434 Athenis
763 3383 919 3434 arcessitum
938 3381 1076 3432 Caesarem
1097 3379 1171 3443 iecit,

83 3466 137 3518 qua
157 3467 186 3503 re
205 3467 262 3502 raon
280 3451 369 3502 minus
388 3453 516 3520 peccarit,
536 3469 618 3522 quem
632 3471 712 3522 quum
733 3454 796 3504 Ario
818 3452 927 3504 favebat
947 3451 986 3503 ita
1003 3451 1123 3521 quidem,
1142 3457 1172 3502 ut

84 3520 168 3572 muita
187 3523 257 3572 maia
274 3521 431 3586 Athanasio,
452 3523 629 3575 Alexandriae
647 3525 783 3592 episcopo,
802 3532 829 3576 et
846 3523 929 3575 Paulo
942 3521 1172 3588 Constantinopo-

83 3590 170 3642 litano
188 3591 332 3660 indigeret.
378 3601 470 3646 contra
495 3597 585 3648 Persas
616 3593 752 3664 proiectus
778 3611 860 3664 quum
885 3595 1020 3646 lulianum
1039 3591 1172 3644 deiecisse

84 3663 260 3732 comperisset
276 3664 413 3716 continuis
430 3667 499 3718 curis
517 3683 549 3718 ex
565 3674 622 3717 atra
640 3665 696 3717 bile
719 3665 827 3717 morbus
844 3673 917 3718 ortus
937 3671 985 3727 est,
1004 3680 1058 3732 quo
1076 3661 1171 3714 morbo

83 3749 168 3803 prope
184 3733 276 3803 Mopsi
292 3734 394 3786 iontem
414 3737 464 3786 sub
484 3737 619 3788 radicibus
635 3738 715 3788 Tauri
734 3737 832 3788 montis
851 3745 971 3790 mortuus
990 3741 1039 3785 est.
1074 3749 1171 3802 corpus

83 3803 139 3855 eius
159 3822 174 3854 a
194 3807 308 3860 loriano
327 3813 478 3874 protectore
498 3809 574 3860 iuxta
591 3807 744 3872 Eusebium,
761 3807 873 3876 primurn
893 3821 1004 3858 uxorem
1020 3804 1049 3855 in
1068 3805 1170 3876 templo

82 3890 167 3945 prope
185 3883 290 3946 patrem
311 3879 370 3928 eius
389 3879 524 3946 sepultum
542 3887 591 3932 ost.

151 3947 317 3998 Constantio
337 3947 467 4001 Eusebius
484 3949 688 4003 Nicomedensis
714 3949 825 4002 rationis
845 3945 956 3998 levitate
976 3947 1123 4016 persuasit,
1140 3954 1172 4000 ut

80 4015 136 4068 trit
155 4017 308 4068 doctrinam
329 4019 494 4085 praeferret,
520 4029 548 4073 et
573 4021 720 4074 doctrinam
747 4019 903 4079 homousiae
932 4025 962 4069 ut
986 4016 1088 4071 bibliae
1115 4035 1171 4072 non

80 4097 292 4140 consentaneam
314 4090 445 4144 reiiceret
479 4101 586 4144 mortuo
606 4091 756 4144 Alexandro
781 4082 930 4159 patriarcha
949 4091 1044 4142 Paulus
1062 4091 1169 4142 confes-

79 4173 123 4212 sor
140 4167 250 4214 creatas
269 4169 318 4212 est.
362 4177 394 4214 eo
415 4164 493 4234 pulsu
513 4163 644 4218 Eusebius
669 4163 748 4218 donis
764 4163 817 4217 sibi
834 4160 1042 4234 patriarchatum
1055 4177 1170 4232 compa-
