2776 4612
242 277 297 340 nt
313 278 618 346 ‘rittssswtttct
636 277 664 343 Ᾱ
682 278 844 345 tttTtttts
862 277 1006 344 etms.
1093 267 1168 342 396

78 431 250 497 domniono
275 422 336 514 ἤδη
363 429 418 494 καί
449 426 527 514 πρός
546 427 652 515 μύχιγν
676 429 904 514 ἐξαρτύεσθαι,
928 431 959 496 εί
980 428 1024 512 μὴ
1044 429 1128 511 ταχύ
1150 425 1170 493 ίι

77 527 280 610 Ἀνδρόνικος
308 527 544 609 ε’τιεραιιόσατο·
592 531 676 612 οἵγε
705 531 759 594 καί
780 531 841 593 τού
867 526 911 605 τός
939 527 1056 610 ίρρίθη
1077 525 1167 610 ispani

78 630 222 710 πολέμου
241 624 493 712 συνεφάψασθαι
506 627 577 692 τότε
596 625 863 714 προσελήφθησαν
882 630 951 708 μίν,
973 622 1111 711 ἤργροαν
1132 629 1170 692 de

80 725 138 792 διό
160 724 192 792 τό
224 725 309 809 ταχύ
329 728 445 791 ἐκεῖνον
478 729 626 809 λυθῆναι.
657 729 807 792 turstano
826 728 885 808 μὲν
906 719 963 790 σύν
982 731 1046 800 τοῖς
1067 731 1169 790 Λατί-

49 847 149 904 5νοις
185 823 266 912 αότη
298 829 438 901 οίτίασις
470 825 506 890 οό
541 823 681 908 ψευδής,
719 823 788 890 σόδ’
821 820 907 908 εἶχον
944 828 1057 908 εἰπεῖν,
1095 820 1171 891 σύτο

79 927 147 1012 μὴν
181 926 285 1010 ἔχοιεν
322 919 383 1007 όν,
412 923 454 1002 ὥς
494 921 573 1011 ἦσαν
612 921 793 1007 όμεμπτοι·
852 926 982 1011 ἔμελλον
1021 931 1057 994 δὲ
1085 925 1171 1010 οἴμοι

80 1031 169 1116 sesni
188 1025 316 1114 μεγοὶλρι
347 1028 432 1110 μίγα
449 1029 543 1092 κακόν
569 1030 800 1110 διθεραπεύσοιι
827 1025 856 1093 οδ
877 1025 1101 1115 Παφλαγόνες,
1123 1020 1172 1104 οἷς

81 1129 255 1210 ἀλογίστως
277 1123 506 1208 ἐθρασύναντο.
530 1129 720 1200 εἰσελθόντες
741 1125 800 1209 γὰρ
822 1126 877 1211 τόν
899 1123 1172 1210 μεγαλόπολινναί

82 1227 310 1310 πλαγιάσαντες
331 1227 384 1291 tut
401 1223 642 1302 τούςΛατίνονς
665 1228 763 1310 (εἰκός
779 1229 814 1292 δὲ
836 1224 960 1302 πάντας
978 1228 1035 1292 ναί
1054 1219 1172 1300 ἄλλους

37 1343 74 1399 10
85 1330 150 1392 rein
178 1327 310 1390 τοιαῦτα
340 1324 582 1409 νεωτερίζεοθαι
609 1325 783 1412 φιλούντων
810 1326 1021 1409 συναίρεσθαι
1049 1318 1171 1408 ου’τολς)

82 1424 276 1510 ἐπέρχονται
304 1433 371 1500 τοῖς
397 1429 550 1500 Λατίνοις
577 1425 636 1488 adn
653 1421 692 1489 όν
707 1427 886 1511 ἐλπίζουσι,
904 1429 959 1491 καί
978 1428 1171 1492 διατίθενται

82 1525 124 1590 τό
154 1521 365 1605 ἐλεεινότατα,
388 1523 443 1588 ναί
471 1526 639 1606 σπέρματα
661 1529 763 1590 ἐκεῖνα
784 1529 1097 1610 προναταβιλλλονται
1113 1523 1172 1610 εἶφ’

84 1615 132 1690 (δν
151 1620 243 1707 ἡμεῖς
273 1623 330 1688 καί
357 1627 468 1688 πολλοί
486 1625 584 1708 ἕτεροι
611 1623 671 1689 σόν
698 1626 774 1710 ἡμῖν
794 1628 998 1706 τεθερίκομετ
1020 1625 1173 1705 λειμῶνος

87 1720 308 1810 Περσεφόνης,
328 1721 411 1788 odam
434 1722 544 1808 φόνοι,
566 1724 748 1808 δράγματα·
798 1728 920 1791 δκεϊθεν
938 1722 998 1808 γόρ
1018 1723 1092 1807 ἡμῖν
1113 1745 1173 1786 τοι.

40 1823 180 1910 λδθὴκει
200 1821 239 1888 τό
261 1823 400 1905 παρόντα
419 1827 509 1888 sord.

175 1927 246 1991 Καί
266 1925 459 2008 ἀφηγεῖσθαι
481 1927 540 2005 μὲν
558 1922 598 1989 τό
622 1923 691 1989 τότε
710 1925 806 2008 δεινοί,
830 1919 891 1990 dno
914 1917 999 1988 τίδον
1020 1920 1049 1987 oi
1069 1929 1174 1990 Λατί-

86 2043 150 2100 νοε,
171 2023 206 2089 τό
230 2025 292 2106 πόρ
317 2019 335 2086 ό
354 2022 394 2088 τό
416 2032 483 2087 κατ’
505 2023 622 2098 αύτούς
643 2027 824 2106 ἐπενείματο
840 2027 915 2107 δίχα
927 2047 962 2108 γε
981 2025 1045 2088 τεόν
1066 2026 1175 2108 α’φαρ-

87 2127 267 2206 τιαγίντοον,
299 2121 374 2198 τούς
408 2122 487 2186 eard
521 2123 683 2188 θόλαττοιν
711 2122 914 2208 ἐμπρησμοός
941 2127 977 2188 ίιι
1007 2123 1173 2208 τοῦπαρὰ

82 2219 254 2302 Ῥωμαίοις
273 2221 481 2306 οόμβρημὲνου
503 2223 604 2306 πυρός
624 2231 688 2298 τοῖς
708 2227 761 2287 dni
784 2223 900 2288 uictine
923 2224 1052 2310 φεύγειν
1073 2221 1174 2306 όρμὴ-

39 2335 182 2406 λύσασι,
210 2321 250 2386 τό
271 2325 341 2384 κατ’
368 2319 548 2403 αἰγιαλούς,
581 2321 621 2386 τό
646 2328 719 2406 περί
740 2322 794 2398 τός
815 2323 1000 2408 α’μφόδυος,
1022 2320 1114 2406 ἔργον
1134 2315 1174 2386 όν

87 2419 139 2504 εἴη
159 2419 257 2501 πολύ,
291 2418 345 2486 καί
366 2417 408 2496 aig
429 2423 467 2484 ου’
484 2419 581 2503 μόνον
607 2427 669 2486 τεόν
698 2425 895 2487 ιίνθοιιλιτοόν
915 2423 1064 2488 Λατίνων
1082 2443 1173 2486 τοτε.

89 2522 224 2605 φέροντο
244 2518 275 2584 οἱ
297 2521 354 2588 τού
372 2521 584 2607 Ἀνδρονίκου,
597 2525 676 2585 α’λλοὶ
693 2524 748 2585 ναί
767 2517 852 2596 όσοις
864 2529 1070 2604 περιεποιεῖτο
1089 2518 1175 2585 ἔλεον

86 2617 123 2684 τό
146 2617 351 2701 α’πόλοιμνον·
402 2624 457 2686 καί
474 2630 619 2704 γυναῖκες
639 2620 700 2704 γὰρ
718 2624 822 2686 adesir
847 2623 1048 2705 ε’ρριπτσύντο
1069 2623 1175 2705 ξίφεσι

87 2717 144 2785 ταί
161 2723 275 2807 βρέφη.
316 2720 371 2788 καί
400 2725 575 2815 τοῦτομὲν
596 2723 712 2806 δεινόν,
735 2715 796 2804 ούχ
825 2717 964 2786 oriendi
986 2715 1177 2797 δςὸιικπι·

90 2931 143 2981 irim
167 2947 196 2983 se
214 2929 399 2998 ‘accingerent
419 2934 472 2984 nisi
491 2933 630 2986 confestim
650 2931 818 2984 Andronicus
842 2931 1002 2982 traiecisset.
1033 2927 1125 2991 iidem,
1144 2935 1175 2981 nt

89 3000 165 3053 betto
177 3019 262 3066 sacro,
272 3003 305 3054 dc
317 3021 370 3072 quo
383 3003 506 3066 diximus,
525 3005 693 3064 interessent,
705 3005 811 3055 inritati
832 3002 946 3064 inerant,
965 3000 1013 3053 sed
1033 3000 1175 3070 prohibiti,

90 3073 219 3142 quoniam
238 3075 352 3125 celerem
368 3075 397 3125 id
416 3074 517 3126 bellum
538 3075 617 3126 [inem
637 3074 741 3126 babuit.
778 3072 989 3143 exprobrabatur
1010 3070 1174 3140 igiturillud

89 3161 146 3194 non
167 3142 263 3195 falsum
281 3145 380 3196 crimen
391 3146 500 3208 Latinis,
519 3163 568 3197 nec
581 3154 708 3217 poterant
727 3146 764 3209 bi,
779 3162 829 3197 nec
845 3161 909 3196 vera
929 3142 1019 3208 hodie,
1038 3141 1175 3204 affirmare,

91 3215 213 3267 insontes
233 3232 262 3266 se
283 3233 350 3266 esse.
387 3215 451 3278 sed,
472 3218 558 3278 eheu,
585 3217 701 3268 curaturi
724 3225 802 3269 erant
826 3217 898 3267 malo
928 3231 1024 3282 magno
1048 3229 1173 3280 magnum

91 3287 190 3337 malurn
201 3286 393 3355 paphlagones,
403 3287 535 3356 siquidem
546 3297 645 3338 temere
657 3289 775 3338 animam
794 3289 979 3358 expleverunt.
993 3301 1109 3354 namque
1128 3301 1174 3334 ur-

92 3355 154 3408 bem
175 3358 287 3426 ingressi
306 3367 333 3408 et
351 3356 384 3408 ad
397 3359 507 3410 Latinos
525 3360 643 3412 conversi
663 3359 883 3428 (consentaneam
898 3366 988 3410 autem
1001 3357 1109 3408 omnino
1125 3362 1175 3416 est,

91 3429 173 3480 etiam
194 3429 262 3480 alios
289 3444 374 3479 rernm
403 3446 530 3481 novarum
558 3429 671 3498 cupidos
698 3430 852 3481 adiunxisse
870 3445 898 3482 se
916 3429 997 3498 iltis),
1016 3427 1176 3478 adoriuntur

91 3517 150 3551 eem
170 3507 277 3568 gentem
296 3499 405 3550 minime
421 3503 470 3552 ista
489 3509 698 3570 exspectantem,
717 3509 745 3554 et
757 3503 870 3570 pessime
884 3507 1007 3562 tractant,
1027 3505 1055 3548 et
1072 3496 1175 3548 semina

91 3571 140 3620 itta
161 3579 263 3632 serant,
282 3569 355 3622 uude
376 3586 424 3622 nos
444 3581 472 3623 et
491 3573 568 3623 multi
587 3571 726 3624 nobiscnm
756 3573 802 3622 aiii
821 3572 955 3638 mergites,
977 3569 1062 3622 atita
1080 3566 1176 3629 dicam,

92 3642 168 3762 ριεαιρΙ
182 3643 354 3763 Ρτορετρλοοε
371 3645 537 3696 messuimus.
574 3642 639 3696 inde
658 3647 729 3694 enim
750 3643 902 3713 praesentia
922 3640 956 3692 ad
974 3655 1024 3692 nos
1044 3637 1115 3689 mela
1133 3653 1176 3688 re-

113 3727 149 3761 un
170 3727 257 3762 arun.
878 3736 882 3746 ·

163 3781 290 3835 Enarrare
316 3791 405 3835 autem
433 3790 542 3852 csrnctas
562 3783 693 3846 miserias,
713 3799 778 3852 quas
797 3783 886 3834 Latini
906 3789 962 3832 tam
982 3779 1086 3848 experti
1104 3785 1177 3842 sant,

93 3853 195 3920 ignem,
214 3869 267 3922 quo
285 3855 356 3907 bona
374 3871 467 3907 eorum
496 3853 657 3905 delebantur
673 3862 778 3924 praeter
802 3871 849 3916 ea,
868 3869 938 3922 quae
958 3849 1073 3919 praedae
1091 3858 1177 3913 erant,

93 3921 219 3975 incendia
248 3925 393 3988 maritima,
415 3925 514 3996 quibus
541 3926 652 3976 Ronrani
681 3927 804 3975 coniecto
825 3924 887 3989 igne
912 3922 1112 3973 insectabantur
1133 3923 1178 3973 iu-

92 3997 199 4062 gientes
217 3993 246 4045 in
264 3997 390 4064 navigiis,
416 3999 521 4068 reliqua
540 3995 627 4060 maia,
661 4011 731 4065 quae
749 3996 792 4046 vel
822 3996 852 4048 in
870 3995 950 4046 litare
969 3993 1058 4044 rolin
1079 3993 1177 4061 pistris

92 4065 213 4128 iiebaat,
232 4065 340 4134 longum
359 4073 409 4118 est.
442 4085 492 4120 nec
519 4076 634 4120 armatos
652 4067 738 4118 sotum
760 4067 870 4117 Latinos
897 4065 1013 4116 asseclae
1031 4063 1178 4117 Andronici

92 4134 430 4204 contemnendorum
451 4157 507 4204 eos,
526 4156 638 4210 quorum
660 4137 886 4210 inopisrideatur
904 4135 1112 4193 misericordiam
1131 4149 1178 4186 es-
