2776 4612
223 275 279 339 DE
294 266 600 334 messenonrct
619 267 647 330 Α
665 264 824 331 Ld'llNlS
843 262 986 328 esent.
1074 250 1147 322 379

56 421 139 510 πρύς
167 421 324 488 ποικιλίαν
347 416 443 504 elfeis.
486 419 517 484 εἰ
536 419 570 482 dl
593 417 649 482 καί
674 417 709 480 ἐν
732 415 820 499 aderet
841 412 899 476 δύο
920 411 1037 486 πίθους
1053 405 1151 474 ἐστύ-

56 551 111 590 τ·αι
132 549 178 599 τις
198 521 298 608 φαίη,
328 517 382 584 τύν
402 523 461 600 μὲν
481 518 612 599 α’γαθοῖν
632 513 753 600 πλήρη,
781 515 885 602 κακοῖν
906 511 942 574 δὲ
961 506 1015 574 τύν
1035 509 1150 592 ἕτερον,

58 615 105 688 ὧν
135 618 310 705 ἀρυόμενος
337 618 391 684 καί
417 615 636 700 κοιταμιγνύιον
665 617 777 688 ἐκεῖνος
808 613 972 692 ἐπιμέτρει
1001 616 1068 683 τοῖς
1098 607 1151 672 ύτί

60 723 177 802 aderis,
197 719 238 786 τύ
268 724 368 786 πλείω
402 723 437 784 dd
456 742 490 802 γε
511 713 611 798 μύνευ
643 717 699 780 τού
717 713 782 778 τοῖν
801 713 914 795 κακῶν,
935 707 1089 786 atellano
1112 702 1152 772 dv

33 823 328 904 ὃπροσφυίστατα·
373 812 413 904 ἦν
431 819 491 904 γὰρ
526 818 700 898 σύμμικτος
722 816 777 879 καί
794 809 874 896 πρὸς
894 805 1033 894 α’κριφνὴ
1054 802 1153 892 χάριν

62 921 121 984 ούκ
141 911 284 1001 ἄκρατος,
306 920 379 984 ου’ύὲ
398 917 463 1002 μὴν
484 909 647 1000 εύκρατος.

143 1017 230 1084 Ἀλλ’
252 1013 333 1082 odeo
354 1019 412 1097 μὲν
424 1019 521 1081 ταῦτα
536 1009 796 1099 παρεκβεβύοθω,
815 1007 957 1092 καιρίως,
978 1001 1077 1093 οἶμαι,
1097 1011 1153 1073 καί

62 1120 138 1182 ou'dl
159 1117 242 1182 πάνυ
261 1142 292 1182 τι
315 1115 501 1197 οἶμεθύδως·
551 1115 612 1197 ι’γτύ
636 1115 672 1177 δὲ
693 1111 800 1194 βραχύ
827 1136 857 1174 τι
878 1102 984 1189 ύνειμι
1003 1104 1080 1192 πρὸς
1099 1105 1154 1171 τὸν

62 1211 103 1300 ἦν
120 1217 180 1296 μὲν
200 1211 252 1280 des
286 1213 321 1298 (d
339 1213 481 1300 μακροὶν)
514 1213 598 1291 τινός
633 1210 741 1299 φιλίας
761 1211 875 1294 Δουΐιλ,
907 1211 964 1272 νύν
987 1209 1021 1272 δὲ
1041 1209 1154 1288 μίσους

23 1329 56 1381 10
67 1317 264 1397 παγκοσμιόυ
286 1309 383 1392 ἄξιον.
425 1313 505 1396 ταχύ
528 1315 587 1394 μὲν
600 1309 758 1394 ἔστρεψας
779 1311 873 1388 νῶτα,
896 1300 922 1371 τύ
943 1303 1151 1390 γενναιότατε,

67 1413 211 1500 φεύγειν·
253 1417 373 1480 θᾶττον
394 1417 430 1479 δὲ
451 1415 663 1494 ἀντιμέτωπος
684 1409 742 1472 ούκ
761 1409 806 1484 τίς
819 1405 1064 1490 ἀντιπαράταξιν
1085 1406 1153 1468 αλλ’

67 1517 112 1588 είς
135 1510 293 1579 δούλωσιν
322 1510 476 1597 ἔδραμες,
499 1513 545 1588 εἰς
563 1513 709 1574 τοσοῦτον
728 1511 768 1594 τῇ
788 1509 874 1594 φυγῇ
896 1508 1087 1590 προσμείνας
1107 1506 1155 1582 εἷς

66 1605 141 1676 ὅσον
163 1605 319 1696 ἄνανδρον
345 1612 400 1696 τὴν
421 1607 565 1697 στροφήν
584 1609 824 1692 ἐπιδείξασθαι,
844 1609 896 1672 ΐνοι
914 1607 1013 1690 μηδὲν
1032 1627 1065 1668 τι
1084 1627 1155 1689 γεν..

67 1707 232 1796 ναιύτρτος
251 1709 337 1793 ἴχνος
365 1715 399 1776 ἐν
430 1712 481 1776 σοι’
500 1707 690 1794 εύρίσκιγται,
712 1704 784 1790 μήτ’
805 1709 839 1771 ἐν
863 1709 902 1794 τῇ
922 1709 1097 1793 πολιορκίᾳ,
1117 1701 1158 1788 ἢν

28 1815 125 1880 ιῡκαί
154 1809 327 1894 εύχύμενός
358 1833 419 1874 που
454 1801 542 1894 ἦσθα
572 1809 895 1893 συγκεφαλαιωθῆναι
918 1809 1038 1890 ια’χιον,
1060 1806 1103 1882 ὥς
1124 1806 1158 1868 ἐν

69 1919 134 1986 τοῖς
169 1911 280 1996 ἐφεξῆς
309 1907 590 1994 ύποκρουσόμεθα,
621 1909 701 1990 μήτε
722 1903 801 1988 μετοὶ
831 1904 888 1988 τήν
918 1901 1055 1986 ἅλωσιν,
1082 1897 1159 1993 ἕνῇ

69 2007 197 2090 ἐψεύσω
220 2008 350 2074 καὶτὸν
371 2007 598 2092 ἀνδριζόμενοι
620 2007 677 2070 καί
697 2004 753 2070 τόν
774 2005 941 2092 φεύγοντα,
964 1998 1010 2082 οἷς
1028 2005 1159 2092 φεύγειν

70 2111 200 2188 τραπείς
227 2107 420 2182 ε’πιιλὲύωκοις
450 2106 583 2172 σεαυτὸν
615 2116 682 2182 τοῖς
707 2107 788 2191 μηδὲ
820 2103 998 2171 διώκουσιν.
1049 2106 1160 2182 αύτοῖς

69 2207 130 2290 γὰρ
154 2199 234 2272 ἄλλοι
262 2210 297 2274 ἐν
320 2211 417 2294 φρεσί
434 2211 609 2290 μεμέλητο,
641 2205 679 2272 τύ
711 2203 772 2292 πρύ
802 2203 895 2288 ἔργου
927 2205 982 2269 καί
1002 2199 1159 2289 οἷνωγκοιῖο

28 2310 183 2392 λθσφίσι·
235 2313 294 2372 σοῦ
316 2309 350 2373 δὲ
381 2309 440 2370 ode
460 2299 519 2398 ι’ἷνἸ
540 2300 649 2387 οἶμαι,
673 2309 748 2370 odd&
775 2309 901 2389 μνήμιγν
923 2303 1034 2388 ἔσχον,
1066 2305 1096 2369 ιε’
1114 2301 1157 2388 μὴ

72 2404 262 2491 ἐνεφάνισας
285 2406 430 2472 σεαυτόν.
473 2404 578 2470 οἴδασι
601 2405 660 2490 γὰρ
681 2405 710 2470 oi
731 2403 864 2486 εύγενῶς
887 2407 1027 2488 ἀνδρεῖοι
1045 2408 1159 2484 ἔξωθε-

73 2507 173 2588 ρίζειν
203 2504 259 2570 τὸν
279 2504 323 2590 μὴ
351 2509 493 2572 τοιοῦτον
516 2504 708 2590 στρατηγόν,
731 2504 836 2568 ὁποῖον
858 2502 896 2586 d'q'
919 2529 989 2570 τινα
1007 2505 1159 2588 κατέγνων

73 2609 129 2670 καί
149 2607 185 2670 οὲ
208 2600 254 2679 οἷς
276 2611 338 2671 τῶν
358 2611 411 2692 τῆς
435 2609 492 2692 σῆς
511 2604 695 2690 α’βελτγρίας
716 2603 913 2688 πεπείραντο.

75 2807 145 2860 quos
165 2797 205 2842 est
235 2791 263 2842 in
280 2799 385 2844 vetusto
405 2791 507 2856 fabula,
526 2792 664 2860 originem,
689 2792 736 2842 sed
756 2799 865 2860 propter
882 2803 984 2842 morum
1003 2789 1160 2842 volubilite-

74 2871 141 2914 teur.
177 2871 226 2914 eut
252 2863 352 2932 siquis
372 2862 426 2915 cluo
453 2865 481 2914 in
501 2881 533 2914 eo
552 2863 635 2914 fuisse
653 2861 727 2914 dolie
750 2863 829 2922 dicat,
849 2863 962 2914 alterum
981 2861 1070 2926 bonis,
1088 2862 1159 2914 ulte-

75 2951 133 2984 rum
152 2935 228 2984 mulis
249 2933 384 2997 refertum,
403 2933 475 2985 unde
493 2934 618 2985 hauriens
639 2944 668 2986 et
681 2935 853 2984 commiscens
873 2933 1023 3002 porrexerit
1041 2933 1160 2984 homini-

74 3004 125 3056 bus
146 3004 198 3054 sibi
220 3005 357 3066 subiectis,
376 3006 452 3074 plura
470 3014 557 3056 tomen
569 3005 647 3068 mule,
666 3022 745 3074 quum
766 3005 845 3067 bonu,
867 3006 1003 3073 aptissime
1022 3005 1159 3072 signifiea-

74 3077 146 3126 verit
165 3081 285 3126 nuturnnr
316 3077 382 3127 eius.
431 3083 487 3127 erut
517 3077 587 3126 enirn
608 3077 724 3140 mistus,
743 3085 771 3128 et
792 3076 892 3146 probae
911 3075 999 3126 leudis
1019 3091 1070 3126 nec
1088 3074 1160 3126 nihil

75 3143 203 3206 habebut,
220 3163 270 3196 nec
290 3163 353 3198 vero
373 3145 486 3197 multum
507 3146 634 3198 habebnt.

146 3216 200 3266 Sed
219 3215 351 3268 sufficiunt
370 3217 445 3281 baec,
464 3235 532 3288 quoe
550 3219 588 3270 itu
607 3217 825 3288 interposuimus,
846 3223 1007 3285 opportune,
1025 3214 1113 3276 credo,
1133 3225 1161 3269 et

75 3287 185 3338 minime
204 3289 307 3356 inepte.
342 3287 423 3338 redeo
444 3288 640 3358 aliquantisper
660 3289 693 3339 nd
717 3289 793 3339 illum
814 3289 878 3338 olim
897 3288 1014 3337 amicitia
1035 3287 1160 3357 quedam,

77 3357 124 3408 sed
151 3375 223 3410 nnnc
251 3357 315 3408 odio
340 3359 473 3410 communi
504 3361 621 3411 omnium
640 3359 750 3426 dignum
778 3358 871 3410 David.
913 3359 1037 3409 celeriter
1057 3365 1161 3428 tergum

77 3429 199 3491 vertisti,
220 3428 383 3493 bellissime,
410 3438 441 3481 nt
458 3431 575 3498 fugerem
599 3430 712 3482 celerius
741 3429 849 3480 adversa
875 3429 963 3480 fronte
981 3445 1036 3480 non
1057 3429 1091 3479 sd
1111 3447 1162 3501 pu-

77 3515 165 3566 gnem,
185 3499 232 3552 sed
250 3499 285 3550 ud
304 3501 438 3552 servitium
458 3502 601 3563 festinasti,
619 3503 647 3552 in
666 3501 727 3568 fuga
740 3509 867 3562 moratus,
887 3507 1016 3571 qnantum
1035 3501 1100 3550 satis
1118 3517 1162 3551 es·

77 3579 119 3622 set
137 3569 171 3622 ed
191 3571 380 3623 declarandum
401 3571 595 3641 turpitudinem
614 3580 698 3634 tuem,
717 3589 771 3642 quo
790 3573 896 3622 nullum
913 3571 940 3621 in
961 3579 989 3622 te
1008 3578 1163 3622 cerneretur

77 3641 183 3694 virtutis
201 3643 363 3712 vestigium,
381 3661 432 3694 nec
451 3643 479 3693 iu
496 3643 652 3705 obsidione,
671 3659 751 3712 quarn
781 3641 916 3712 quendem
934 3643 988 3694 cito
1009 3641 1162 3693 confectum

77 3711 113 3763 iri
134 3711 296 3778 iectnrerns,
319 3713 543 3784 quemadmodum
562 3731 625 3764 mox
644 3714 825 3775 ostendemus,
843 3730 893 3763 uec
914 3720 976 3781 post
994 3719 1098 3780 captam
1116 3729 1162 3764 uc-

75 3781 157 3844 bem,
178 3801 260 3852 quum
287 3786 411 3837 fefellisti
431 3785 513 3836 fortes
531 3786 704 3854 ignavosque,
723 3786 769 3853 qui
790 3785 820 3834 in
837 3783 924 3850 fugans
946 3797 1088 3834 conversus
1105 3791 1162 3835 ter-

77 3869 142 3920 gum
161 3851 238 3905 dures
258 3873 292 3908 ne
311 3855 535 3928 persequentibus
558 3855 678 3926 quidem.
715 3855 813 3906 etenim
837 3855 890 3905 elin
907 3853 962 3903 illis
985 3851 1059 3904 cordi
1078 3861 1162 3918 erent,

78 3939 152 3992 quse
170 3930 275 3994 tempus
305 3937 332 3979 et
357 3929 501 3980 necessitas
521 3927 692 3996 postulabat,
724 3926 763 3976 tui
784 3933 873 3978 nutem
893 3941 927 3976 ne
947 3923 1080 3976 recordati
1099 3926 1162 3996 qui·

78 3995 142 4046 dem
163 3993 291 4056 fuissent.
310 3998 360 4050 nisi
391 4001 420 4051 in
440 4005 612 4068 conspectum
631 4013 723 4048 eorum
742 3997 868 4048 venisses.
905 4003 1005 4046 norunt
1022 3997 1093 4050 enim
1113 4013 1161 4066 ge-

77 4066 169 4116 nerosi
197 4066 244 4116 viri
261 4067 342 4120 telem
360 4079 531 4123 contemnere
548 4069 661 4129 dulcem,
675 4068 788 4140 qualem
807 4075 835 4120 te
856 4083 914 4122 esse
932 4075 1112 4137 coguoverunt
1128 4084 1161 4120 ex

77 4137 123 4202 iis,
144 4153 213 4208 quoe
231 4153 248 4188 τ
265 4140 386 4208 nequitis
406 4149 453 4193 tue
470 4142 573 4211 experti
591 4147 676 4192 erent.
