2778 4616
101 227 105 238 ’
215 234 290 306 330
541 243 684 310 moitis
713 241 973 310 GRAMMATICI

213 399 355 476 σθησαν,
375 391 392 454 δ
413 395 473 474 μέν
493 395 653 478 Στέφανος
673 397 720 470 εἷς
739 391 965 478 Πρατκόνηασν,
987 391 1048 458 siai
1070 395 1105 460 di
1119 389 1312 478 Προικονη·

214 519 272 560 σου
293 495 338 568 εἰς
353 491 471 574 Ῥόδον,
491 493 553 558 dni
575 496 612 560 δὲ
628 492 737 560 Ῥόδου
752 499 798 568 εἰς
813 489 1043 580 Μιτυληνην,ὅ
1067 496 1102 558 δὲ
1124 499 1311 560 Kosmou.

213 601 293 668 τῖνος
314 594 359 668 εἰς
382 595 527 674 Τένεδον,
559 595 680 658 ἐκεῖθεν
700 595 744 670 είς
760 596 984 680 Σαμοθρᾴκην,
1010 597 1044 658 έν
1064 585 1084 682 ᾖ
1104 592 1160 658 καί
1178 593 1313 672 duran-

185 697 285 758 Βσίαν
295 689 470 776 μελετήσας
482 691 561 756 κατά
580 696 644 758 τεάν
656 689 751 757 osirin
766 693 993 778 φυλασσόντων
1013 689 1146 778 ἐσφάγη.
1165 690 1312 774 Μιχαὴλ

213 795 248 856 δὲ
268 789 323 856 τάν
349 795 405 856 τοῦ
427 787 654 877 Χριστοφύρου
674 795 833 874 βασιλέως
851 789 932 874 υἱόν,
956 789 994 858 τά
1014 790 1164 874 βασιλικά
1185 795 1338 858 utititas

215 887 424 976 α’φελάμενσς,
447 889 593 974 κληρικύν
612 893 790 976 πεποίηκεν.
817 887 904 968 ὄντος
922 895 957 958 δὲ
979 897 1037 959 τοῦ
1048 893 1204 974 βασιλέως
1222 889 1312 956 Ῥασ-

212 995 320 1072 μανού
339 992 373 1056 έν
384 993 425 1079 τῇ
443 988 527 1078 κη’σιρ
545 987 562 1054 ά
578 989 775 1076 πατριάρχης
794 989 1017 1076 Θεοφύλακτσς
1035 993 1090 1058 καί
1105 987 1310 1075 Θεοφάνηςδ

214 1093 376 1174 ποιούσας
396 1088 448 1154 καί
469 1090 748 1172 παρακοιμάμενος
766 1089 884 1174 βουλὴν
904 1087 1129 1172 ἐβουλεύσαντο
1147 1085 1228 1155 ὥστε
1244 1087 1311 1154 πά-

215 1195 265 1254 λιν
285 1193 394 1255 τοῦτον
414 1192 448 1254 έν
474 1193 517 1276 τῷ
538 1194 678 1276 παλατίφ
708 1191 855 1273 άγαγεΐν·
896 1189 936 1276 ἢν
955 1195 1009 1256 καί
1028 1192 1114 1279 adripi
1134 1188 1311 1254 άνακοινιο-

214 1284 347 1370 σάμενοι
368 1287 424 1358 καὶ,
438 1293 691 1372 παραπείσαντες
709 1291 819 1354 τούτου
840 1287 1171 1374 έκαιροσκύπουνπύτε
1194 1286 1229 1354 τά
1252 1293 1355 1358 rie-10

214 1413 274 1471 ρας
295 1391 331 1476 τῇ
354 1389 483 1476 τοιαύτη
503 1391 605 1477 βουλῇ
627 1389 844 1472 ἐπιθήσουσιν.
901 1391 972 1456 inei
990 1393 1026 1456 δέ
1046 1390 1085 1456 τά
1108 1392 1164 1475 τῆς
1181 1389 1309 1472 βουλῆς

214 1490 433 1575 ἐφωράθησαν
454 1489 508 1554 κατ’
521 1487 961 1578 κατεμηνύθηίίαινσταντινῳ
973 1494 1114 1572 βασιλεῖ’,
1132 1485 1209 1564 τούς
1227 1512 1311 1554 συν-

215 1585 328 1670 εργούς
357 1585 472 1672 ταύτης
498 1587 659 1671 ἠμύνετο·
702 1585 758 1654 τὸν
779 1591 837 1668 μὲν
852 1588 1022 1674 Θεοφάνην
1041 1591 1208 1674 πατρίκιοι
1228 1585 1310 1665 ε’ξοά-

216 1709 316 1770 ρισεν,
336 1683 391 1752 riv
423 1689 459 1751 δὲ
489 1685 776 1772 πρωτοσπαθύριον
797 1691 828 1752 Γ
827 1684 957 1770 ια’ργιον
990 1687 1046 1752 καί
1064 1690 1230 1772 πτνκέρνην
1251 1689 1310 1752 καί

181 1787 338 1868 ΒΘτσμάν
361 1785 564 1870 πριμικηριον
576 1786 684 1870 δείρας
706 1789 762 1871 καί
780 1783 956 1872 κουρεύσας
979 1791 1035 1852 καί
1051 1790 1148 1869 μέσον
1167 1789 1226 1868 τῆς
1245 1783 1352 1849 nri-¹5

216 1893 294 1962 λεας
314 1886 550 1972 θριαμβεύσας,
575 1881 672 1962 ούιοσς
686 1884 839 1976 ύπερορίφ
858 1889 1076 1971 παρέπεμψεν.
1118 1887 1307 1973 Δεκεμβρίῳ

216 1987 253 2050 δέ
272 1985 363 2070 μηνί,
384 1982 410 2060 ς’
432 1985 643 2066 ίνδικτιαῖνος,
664 1983 835 2072 ἐπιβουλήν
854 2007 936 2062 τινες
964 1983 1043 2051 κατά
1071 1986 1130 2050 τού
1148 1989 1309 2068 βασιλέως

215 2082 454 2152 Κανσταντίνου
482 2086 679 2170 έμελέτησαν,
703 2085 891 2170 βουλόμενοι
911 2082 966 2152 τόν
987 2087 1121 2168 βασιλέα
1145 2085 1308 2171 Στέφανον

218 2185 252 2250 έν
271 2187 316 2272 τῷ
336 2189 476 2273 παλατίρι
499 2189 534 2250 ἐκ
558 2185 733 2270 trientinae
763 2189 901 2270 α’γαγείν.
941 2184 1056 2272 ταύτης
1076 2177 1133 2252 σύν
1151 2186 1309 2268 μηνυθεί·

219 2307 277 2369 σης
300 2285 528 2374 Κωνσταντίνηι
560 2284 613 2350 διά
646 2285 787 2369 Μιχαὴλ
820 2289 880 2351 τού
914 2286 1109 2367 Διαβολίνου
1137 2287 1305 2367 λεγομένου
1314 2290 1350 2344 2⁰

217 2380 290 2460 τούς
308 2383 497 2466 ἐπιβούλους
528 2387 638 2471 δαρμῷ
668 2383 817 2473 α’φορηιφ
848 2383 1024 2467 ύπέβαλεν·
1075 2381 1149 2458 rode
1170 2385 1232 2465 μέν
1250 2379 1308 2458 ιάς

218 2481 321 2567 ῥίνας
336 2487 393 2550 καί
418 2481 458 2550 τά
481 2477 549 2550 dra
566 2489 736 2568 α’πέτεμεν,
755 2487 810 2552 καί
842 2477 927 2560 druse
946 2485 1115 2568 έγκαθίσας
1134 2479 1188 2547 διά
1208 2482 1308 2564 μέσης

216 2586 271 2668 τῆς
291 2581 411 2660 πόλεως
439 2582 680 2670 έθριάμβευσεν.
733 2588 856 2672 πέμπτη
890 2585 926 2650 δέ
956 2579 1012 2648 καί
1038 2585 1150 2671 δεκάτη
1173 2579 1306 2650 Ἰουλίου

218 2857 354 2904 coaesrun,
373 2848 402 2894 et
418 2857 433 2892 a
453 2841 619 2896 l’roeconsso
639 2842 769 2906 Rhodum,
793 2861 809 2896 o
829 2842 923 2896 lihodo
941 2841 1060 2913 denique
1082 2843 1110 2894 in
1128 2841 1304 2909 Mitylenem3

218 2912 410 2964 Constantinus
441 2921 531 2964 autem
554 2915 582 2966 iu
603 2913 761 2980 Tenedum,
786 2923 815 2968 et
832 2913 895 2966 inde
913 2915 942 2969 in
959 2913 1176 2976 Samothraciam,
1197 2913 1227 2964 in
1251 2929 1305 2982 qna

217 2981 364 3034 tumultum
396 2992 424 3035 et
450 2983 611 3038 seditionem
628 2985 752 3038 adversus
773 2985 896 3038 custodes
916 2985 1082 3036 machinatus
1102 2983 1135 3034 ab
1162 2985 1202 3036 eis
1220 2985 1304 3036 truci-

217 3051 296 3104 datus
316 3061 364 3104 est.
410 3053 527 3108 Michael
545 3065 634 3107 antem
645 3095 653 3120 ,
673 3055 859 3126 Cluistaphori
881 3056 1050 3124 imperatoris
1069 3055 1164 3118 silium,
1178 3053 1305 3106 detractis

218 3123 405 3194 imperialibus
426 3127 522 3177 calceis
539 3127 664 3178 clericum
684 3145 740 3178 esse
760 3129 845 3178 iussit.
865 3133 982 3178 ceterum
1002 3127 1121 3178 Romano
1143 3127 1305 3195 imperatore

217 3195 246 3244 in
265 3193 403 3263 praedicta
421 3195 509 3247 insula
527 3207 658 3261 morante,
675 3197 895 3268 Theophylactus
913 3197 1062 3267 patriarcha
1081 3206 1109 3248 et
1121 3195 1305 3265 Theophanes

217 3265 346 3334 patricius
365 3274 393 3318 et
411 3266 548 3319 accubitor
574 3267 694 3320 inierunt
716 3269 859 3320 eonsilium
886 3277 916 3320 ut
941 3285 1002 3320 enm
1021 3285 1110 3320 rursus
1128 3269 1156 3318 in
1173 3268 1304 3336 palatium

217 3335 373 3388 eveherent.
416 3354 444 3389 re
471 3337 522 3408 ipsi
552 3340 745 3392 communicata
774 3347 803 3392 et
828 3355 969 3408 persuasa,
995 3347 1101 3410 ternpus
1125 3337 1305 3408 explorabant

218 3405 470 3480 commodumque
491 3409 605 3461 consilio
621 3411 701 3462 finem
721 3411 899 3482 imponerent.
936 3426 969 3460 eo
989 3417 1076 3462 tamen
1097 3407 1206 3460 detecto
1225 3417 1252 3459 et
1270 3407 1304 3459 ad

221 3479 430 3530 Constantinum
440 3473 629 3548 imperatorem
647 3481 749 3542 delato,
770 3488 907 3532 consortes
921 3481 979 3530 eius
998 3481 1092 3550 poeuis
1111 3479 1211 3532 debitis
1231 3481 1304 3530 ultus

219 3555 268 3599 est
304 3549 501 3620 Theophanem
528 3553 672 3622 patricium
692 3555 765 3603 misit
782 3553 810 3603 in
828 3551 948 3616 exilium,
978 3550 1223 3621 protospatharium
1241 3567 1302 3602 vero

219 3619 364 3688 Georgium
384 3630 412 3673 et
430 3621 585 3692 pincernam
606 3631 634 3675 et
653 3623 785 3676 'l'homam
804 3621 982 3692 primicerium
1003 3622 1160 3673 uerberibus
1178 3621 1304 3672 multatos

218 3697 247 3740 et
258 3689 387 3744 detonsos
399 3709 502 3814 perpure
515 3692 630 3744 mediam
641 3694 734 3744 urbem
747 3691 884 3746 traductos
895 3693 987 3742 exules
997 3691 1144 3764 deportari.
1164 3691 1303 3744 Decembri

218 3775 282 3812 vero
294 3777 396 3826 mense,
415 3763 443 3814 in
466 3765 565 3815 latione
585 3773 669 3828 senta,
679 3763 806 3815 adversus
817 3763 1021 3814 Constantinum
1033 3765 1223 3832 imperatorem
1233 3771 1303 3814 stru·

219 3831 270 3879 etis
285 3831 391 3886 insidiis
401 3833 565 3904 Stephanum
585 3836 771 3904 imperatorem
784 3851 817 3886 ex
838 3833 925 3885 insula
942 3843 1048 3885 erutum
1065 3837 1093 3886 iu
1112 3833 1245 3904 palatium
1262 3834 1305 3884 in·

222 3897 320 3951 ducere
338 3903 518 3956 moliri-sunt.
553 3905 659 3955 insidiis
677 3905 856 3958 Constantino
874 3903 1052 3956 manifestatis
1081 3923 1129 3976 per
1146 3903 1304 3956 hliclaaelem

222 3971 332 4020 nomine
351 3973 536 4036 Diabolinum,
557 3985 678 4028 erectores
697 3973 873 4028 intolerandis
885 3974 1001 4028 subiecit
1017 3975 1189 4040 verberihus3
1209 3983 1238 4028 et
1257 3973 1303 4026 hos

223 4037 332 4108 quidem
352 4043 479 4110 praecisis
499 4045 618 4108 naribus,
638 4047 706 4097 alios
726 4045 836 4098 auribus
864 4046 992 4097 multatos
1010 4047 1148 4117 asinisque
1166 4047 1304 4118 impositos

223 4124 273 4180 per
290 4109 405 4164 mediam
423 4113 516 4172 urbem
533 4115 661 4172 traduxit
679 4125 798 4170 ceterum
812 4115 875 4170 lulli
894 4118 993 4170 mensis
1011 4115 1179 4174 diedecima
1200 4117 1303 4192 qllinto,
