2750 4602
211 197 284 268 520
449 205 507 271 so
535 205 701 270 monna
729 203 1037 270 cnmmncuu

210 382 422 440 successorem,
443 361 553 443 ntique
574 361 754 422 baldimeris
774 369 908 442 patrem,
928 358 1038 422 Crumi
1058 355 1191 440 nepotis,
1219 357 1312 440 Cry.
1344 337 1345 384 ³

210 457 356 528 tagonem
375 453 478 506 vocet.
536 444 611 528 quid
643 447 669 505 si
698 447 763 506 Leo
785 465 878 527 quem
905 453 939 506 et
958 441 1162 504 baldimerem
1184 448 1224 502 et
1243 443 1311 503 bli-

210 531 347 592 cbaclem
373 527 513 606 dixerat,
547 550 582 590 ex
614 529 711 610 patris
745 528 840 589 etiam
870 529 996 589 nornine
1022 527 1068 590 sic
1094 527 1312 606 nuncupavit,

209 613 394 696 scripsitque
425 607 442 671 ὅ
465 610 684 692 Κρυτάγονος,
713 633 750 672 ex
772 632 835 694 qno
859 612 1019 692 imperitus
1043 609 1189 670 librarius
1212 631 1313 670 suum
1344 645 1345 650 κ

87 751 91 758 ,
210 691 321 776 Κὸμης
342 697 537 776 expresserit,
559 704 595 756 ut
615 707 660 756 est
670 696 768 757 facilis
788 715 882 757 error
896 696 927 754 in
948 694 1124 755 nominibus
1137 693 1310 774 propriis?
1344 705 1345 708 ’

208 779 413 862 bulgarorum
435 779 611 862 principem
632 801 669 842 ac
688 779 848 840 dominnm
870 777 1014 840 comitem
1035 777 1232 860 appellatum
1258 799 1310 838 me

209 862 314 946 legisse
339 884 402 926 non
421 863 564 936 memini;
589 885 647 924 nec
669 861 760 924 aliter
780 861 939 924 emendem
959 883 1055 945 qnam
1075 861 1220 942 exposui.

290 963 334 1024 44
373 960 575 1043 dusdycnpcr]
604 964 780 1040 industrius,
804 983 931 1046 procero
948 983 1073 1045 corpore
1101 981 1140 1022 nc
1171 961 1305 1044 sapato,
1344 997 1345 1034 f

211 1069 274 1108 non
295 1061 451 1129 agrestem.
494 1046 564 1107 vide
584 1069 618 1129 p.
629 1043 703 1124 431,
724 1048 779 1108 ubi
800 1057 833 1108 et
855 1046 894 1108 de
914 1066 990 1106 voce
1012 1035 1156 1124 ὅγουρος.
1178 1043 1306 1126 vulgari
1344 1085 1345 1108 i

210 1133 377 1212 linguaest
408 1120 512 1207 ἄωρος
532 1132 725 1208 numatam,
755 1141 873 1192 utnon
907 1129 1035 1190 omnino
1068 1125 1219 1188 dissideat
1249 1130 1305 1187 ista
1344 1109 1345 1152 l

207 1213 389 1297 significatio
421 1213 460 1274 ab
493 1212 611 1286 altera,
637 1232 699 1298 qua
720 1235 781 1295 pro
807 1212 920 1274 adulto
940 1211 1123 1296 robustique
1154 1211 1305 1294 corporis

210 1297 320 1360 iuvene
341 1295 495 1379 accipitur
514 1297 566 1358 bic
588 1307 620 1359 et
642 1297 727 1379 apud
747 1299 897 1360 Nicetam.

291 1391 332 1458 45
374 1397 420 1468 εἷς
449 1387 489 1476 ἣν
520 1391 575 1457 καί
595 1395 795 1477 ἐλοιδορεῖτο]
828 1399 910 1458 forte
935 1395 1149 1457 mulierculam
1169 1415 1302 1456 uxorem

211 1481 335 1544 tradens
356 1503 418 1564 qua
438 1491 542 1542 scorto
566 1481 676 1542 abusus
699 1491 784 1560 esset,
809 1481 854 1540 uti
878 1481 971 1541 etiam
985 1479 1111 1540 inferius
1132 1479 1236 1561 liquet
1259 1481 1303 1538 fe·

209 1564 284 1626 cisse
305 1565 430 1626 Basilio.
468 1564 718 1626 sic-Plutarchus
739 1563 934 1644 λοιδορεῐθαι
956 1559 1001 1634 εἷς
1019 1562 1217 1638 δυσγένειαν.

293 1662 334 1724 46
376 1663 417 1747 τῇ
440 1658 550 1748 νύμφῃ
578 1661 681 1724 adrani
715 1665 962 1747 συμφθείρεται]
993 1682 1106 1744 nempe
1126 1658 1302 1743 repudiata,

212 1757 248 1812 ut
268 1747 363 1844 habet
383 1746 586 1808 continuator
606 1747 776 1810 Vaticanus
795 1743 937 1827 ἄλλόγως
957 1744 1013 1807 καὶ
1032 1743 1180 1818 ἀναιτίως
1200 1765 1302 1806 uxore

236 1851 271 1892 ro
295 1851 352 1898 ria.

212 1853 233 1914 p
274 1853 335 1976 ptl'l
377 1911 508 1994 ποιῆσαι
537 1913 751 1994 παραίτησιν]
783 1931 842 1996 quo
871 1931 903 1974 se
925 1913 977 1974 ille
999 1933 1120 1974 mrmcne
1138 1909 1300 1972 abdicaret.
1344 1949 1345 1980 3

214 1995 301 2080 quod
324 2008 426 2058 tamen
456 1995 581 2056 minime
611 2006 792 2058 consecutus
813 2001 880 2070 est,
903 1997 1063 2058 obnitente
1086 1993 1221 2079 lgoatio,
1243 1994 1300 2054 do·
1344 2019 1345 2036 ¹

213 2101 270 2141 nec
288 2101 347 2162 per
368 2079 512 2140 iniuriam
537 2079 695 2160 depositus
723 2079 818 2162 vique
838 2081 977 2160 expulsus
998 2090 1054 2141 est.
1110 2079 1213 2140 inultis
1233 2085 1298 2138 ua.
1344 2067 1345 2100 ¹

213 2165 356 2246 goeditm
386 2163 589 2246 prosequitur
618 2164 693 2223 vat.
723 2161 944 2242 continuator,
966 2174 1001 2226 ut
1031 2174 1063 2226 et
1082 2165 1218 2238 Niceus,
1242 2183 1298 2221 au-

213 2258 348 2332 ctorque
370 2249 452 2309 vitae
481 2246 598 2308 Nicolai
620 2245 774 2308 studitae.

296 2345 338 2410 48
379 2343 563 2408 coincidisse
579 2343 672 2430 Peg]
699 2357 805 2409 narret
817 2345 957 2411 laudatus
970 2347 1183 2422 continuator,
1202 2367 1295 2428 exque

214 2455 251 2495 eo
274 2432 442 2508 Cedrenns,
465 2431 555 2492 brevi
574 2442 644 2514 post
666 2431 759 2490 missis
774 2431 880 2514 legatis
902 2433 998 2494 factos
1019 2453 1081 2494 esse
1097 2429 1293 2492 Christianos.

296 2533 337 2602 49
380 2538 492 2619 κυρίαν
520 2534 621 2619 αὐτὴν
641 2531 741 2622 ἔχειν]
771 2541 822 2600 illi
843 2539 984 2601 borwmm
1006 2561 1059 2600 ceu
1080 2539 1222 2600 domm
1240 2539 1292 2596 bn-

215 2623 309 2701 beret,
332 2645 399 2684 eam
422 2623 622 2698 observaret,
658 2644 714 2683 nec
742 2632 807 2684 tam
827 2623 884 2684 sibi
917 2643 1044 2686 uxorem
1064 2623 1191 2684 baberet
1211 2643 1296 2704 qnam

215 2706 399 2767 Michaelis
425 2705 582 2766 urcissimo
616 2706 819 2766 concubinam
855 2715 1015 2788 servaret3
1043 2729 1078 2769 ex
1119 2727 1183 2790 qno
1208 2706 1294 2767 etiam

214 2810 284 2872 pag.
304 2783 367 2852 468
412 2789 505 2850 icitur
526 2791 662 2852 Leonem
682 2789 852 2872 suscepisse.

295 2885 336 2950 50
379 2883 553 2972 βάψαντες]
577 2889 701 2952 vivifico
725 2911 835 2972 nempe
859 2889 954 2951 calice
976 2889 1022 2950 usi
1044 2887 1211 2949 atramenti
1228 2885 1293 2946 loco

146 3037 151 3048 ,
176 2983 184 3006 ³
216 2971 255 3032 ad
275 2969 446 3034 horrorem
478 2993 515 3032 sc
536 2973 713 3056 religionem
741 2985 931 3053 sacramento
952 2971 1186 3045 conciliandam,
1208 2991 1294 3065 quam
1344 3019 1345 3024 ,

217 3065 320 3116 tamen
346 3055 438 3118 foede
469 3067 558 3118 erunt
585 3055 750 3118 violaturi:
777 3059 852 3140 quin
875 3079 977 3139 neque
1010 3056 1070 3117 alio
1091 3056 1196 3116 animo
1216 3074 1294 3113 rura·

217 3139 294 3199 bant
315 3161 409 3223 quam
432 3148 468 3200 ut
489 3139 654 3223 deceptum
678 3139 877 3202 iureiurando
906 3139 1065 3200 bominem
1087 3139 1165 3200 urbe
1189 3136 1295 3198 educe-

216 3229 306 3300 rent,
339 3243 376 3284 ec
405 3234 560 3284 necarent.
603 3223 684 3284 solus
714 3225 776 3285 Leo
798 3222 879 3285 lianc
903 3223 1028 3285 videtur
1048 3222 1209 3284 historiam
1226 3221 1295 3279 teti·

216 3305 306 3388 gissa:
328 3307 400 3368 Vat.
437 3307 637 3370 continuator
667 3307 769 3368 basilii
798 3308 880 3369 forte
912 3307 1091 3380 reverentia
1115 3304 1241 3388 pressit,
1264 3303 1294 3362 in
1344 3307 1345 3366 f

216 3388 349 3472 gratiam
370 3390 492 3472 nepotis
512 3389 591 3450 illius
613 3391 817 3452 Constantini.
1344 3367 1345 3408 l

300 3487 339 3550 51
383 3489 417 3551 ἐν
434 3488 591 3574 ταξειδίῳ]
614 3490 729 3552 dicitur
741 3513 804 3552 esse
826 3489 981 3572 princeps,
1003 3511 1076 3550 cum
1097 3485 1293 3550 extraurbem
1344 3509 1345 3536 t

220 3571 268 3632 vel
282 3571 375 3633 animi
390 3593 479 3634 cause
502 3574 549 3634 vel
564 3575 702 3635 exercitii
721 3577 783 3636 sive
806 3573 898 3635 etiam
921 3573 1024 3635 bellici
1047 3579 1212 3654 apparatus
1231 3591 1293 3632 mo-

220 3663 319 3716 ratur.
341 3656 549 3738 producemus
564 3657 654 3720 Pselli
675 3657 817 3738 epistolas
840 3665 927 3719 tomo
950 3657 1049 3718 altero
1071 3655 1110 3716 ad
1133 3655 1293 3736 imperato-

222 3757 270 3797 res
293 3749 347 3800 aut
368 3739 410 3800 eis
434 3741 571 3816 comites,
592 3739 626 3802 ἐν
646 3739 804 3825 ταξειδίῳ;
828 3741 939 3824 quibus
962 3759 1072 3823 nempe
1093 3759 1204 3802 eorum
1224 3748 1297 3800 tem-

222 3839 336 3901 porum
359 3822 532 3885 illustretur
553 3823 692 3886 historie.
1344 3869 1345 3908 q

256 3913 274 3946 ¹
304 3905 344 3964 Μ
387 3901 439 3965 τὸν
467 3909 717 3988 χρυσοπέρσικον
741 3906 937 3984 χιτωνίσκον]
969 3907 1002 3966 Ρ.
1024 3907 1109 3966 Goar
1136 3904 1174 3964 ad
1195 3903 1293 3964 Cadini

223 4005 290 4065 cap.
316 3984 354 4046 19
379 3990 506 4050 caesiam
538 3990 676 4050 tunicam
697 3992 844 4072 exponit,
867 4013 947 4072 quae
968 3991 1054 4050 velut
1072 3987 1208 4050 Caesaris
1230 3989 1296 4049 insi-
1344 4053 1345 4056 Ἴ

223 4087 282 4148 gne
304 4079 381 4130 crat.
424 4071 547 4134 videndi
568 4073 631 4134 illic
652 4074 739 4136 docti
761 4073 839 4135 illius
862 4073 1092 4138 Commentarii.
