2776 4612
235 229 310 308 436
645 233 895 302 tusttstrlus

234 413 293 466 σας
314 389 366 454 τόν
388 389 445 452 τού
466 385 601 464 Μαζιδά
621 385 708 468 λόγον
728 387 876 472 ἀπήγαγε,
903 385 959 452 καί
976 383 1058 475 λήθη
1077 387 1273 470 κατεχούσας
1292 389 1330 452 τό

232 493 292 555 τοῦ
311 489 416 554 Δαυλδ
447 489 587 570 φρονοῦν
616 483 757 570 ἀνέφυσε
784 486 924 568 βλάστην
951 481 1164 571 ἀδρυνθεῖσαν
1182 489 1330 570 πρέμνον

231 585 366 669 μεγάλου
389 587 498 648 κακοῦ.
541 574 629 648 osiaco
649 582 709 666 γάρ
733 576 773 666 ἦν
792 584 870 665 ὀψία
890 587 987 669 δείλη,
1007 585 1062 648 καί
1081 581 1118 648 τό
1139 587 1328 669 χορεαῆθεν

231 682 319 769 douo
343 685 505 748 ἀπολυθέν
528 687 615 747 θέειν
635 681 714 748 κατά
737 685 794 748 τού
815 681 946 760 σκεύους
966 680 1132 768 ἐλεύθερον
1150 684 1325 768 κατηγόρει

230 783 287 852 τόν
310 779 426 868 δρόμον
447 787 492 868 τῷ
520 784 717 870 κελαρυσμρῑ.
759 783 811 847 καί
839 781 857 847 ό
880 786 1033 862 Μαζιδσῖς
1050 782 1242 868 παροδεύειν
1266 799 1350 848 rar-5

228 879 319 968 χαύν,
342 885 396 948 καί
416 879 553 959 ἀκούσας
574 877 592 945 ό
618 881 742 966 ἐγίνετο,
765 885 871 966 τρέχει
889 882 1034 947 σπεύδων
1057 883 1111 948 λιιι·
1130 881 1186 948 τόν
1209 884 1327 948 Δαοῒδ

229 985 285 1048 καί
305 981 535 1066 ἀναμιμνήσκει
561 982 756 1064 πρσενεγνσδν
787 979 809 1046 ἀ
839 977 917 1048 cirre.
960 985 1015 1046 καί
1034 979 1050 1048 δ
1069 985 1179 1049 Δαυῒδ
1196 981 1325 1064 ἀγανα·

228 1083 340 1166 κτήσαι
360 1082 562 1166 σκηψάμενος
593 1077 785 1164 προυβάλετο
812 1085 981 1146 λαθέσθαι.
1032 1079 1172 1157 ἀκούσας
1193 1083 1231 1147 δὲ
1253 1085 1324 1146 δεῖν

228 1183 435 1268 ἐπισχεθῆναι
456 1177 492 1246 τό
514 1177 602 1264 dtus
625 1176 667 1256 σλς
687 1183 848 1264 ἐγχωροῦν
868 1185 1014 1264 γενέσθαι
1035 1180 1091 1245 καί
1108 1183 1260 1258 εἰσαῦθις
1282 1181 1320 1246 τό

227 1278 341 1362 καλόν,
371 1278 571 1364 ἀπηνήνατο,
601 1279 749 1358 ἐπιτάξας
774 1280 926 1365 ἀφίεσθαι
956 1279 1042 1363 ῥέειν
1062 1278 1098 1344 τό
1120 1275 1219 1366 ὕδωρ.
1264 1287 1360 1346 sotto

226 1382 333 1446 τοίνυν
356 1379 435 1445 αδτό
457 1380 516 1459 μὲν
540 1379 713 1462 εἷσίρρεεν,
740 1377 761 1464 ἦ
786 1377 937 1464 δεξαμενή
960 1381 995 1443 δὲ
1018 1381 1188 1460 ἐξέπεμπεν
1208 1377 1228 1444 ὃ
1250 1383 1322 1446 ἐδέ-

224 1504 321 1563 χετο,
343 1481 556 1562 διαλυθείσης
584 1479 641 1562 τῆς
661 1475 847 1564 προσφάτου
870 1477 1077 1562 ε’πιπσιήσεσσς
1099 1472 1146 1554 οἷς
1167 1477 1203 1542 τό
1228 1477 1319 1562 ὕδωρ

226 1581 407 1662 ἀπαλείψαν
426 1577 484 1663 τήν
504 1573 606 1663 ύγράν
625 1581 784 1662 παρέσυρε
804 1583 933 1644 τίτανσν.
976 1582 1031 1644 κατ’
1041 1577 1080 1642 σύ
1099 1581 1218 1642 πολλαί
1239 1579 1321 1663 ἡμέ.

225 1703 280 1764 ραι
301 1671 426 1766 ᾤχοντο,
444 1675 499 1742 καί
521 1669 559 1762 ἦν
579 1673 613 1748 τό
639 1676 761 1761 ἀγγεῖον
781 1676 885 1742 κενόν·
927 1671 1004 1744 ὅθεν
1024 1673 1321 1762 συνεξεκενάθησαν

225 1782 303 1862 ἡμῖν
325 1773 448 1842 ἅπασαι
472 1773 505 1841 αἱ
528 1775 581 1842 ε’πί
600 1780 637 1861 τῇ
668 1774 836 1860 ἀκροπόλει
858 1777 990 1860 ἐλπίδες,
1011 1779 1065 1842 καί
1084 1779 1186 1842 υτλτὲτι
1209 1777 1357 1852 ου’δείςιῦ

224 1879 392 1959 ἀνέβλεπεν
422 1878 467 1950 εἰς
486 1871 599 1958 αάτήν.
654 1874 711 1940 καί
730 1871 819 1959 ἡμεῖς
846 1867 902 1940 σύν
921 1871 1193 1958 συσκευασάμεναι
1214 1879 1317 1942 ἐκεῖσε

225 1973 441 2059 καταντήσειν,
462 1973 550 2058 εἴπερ
572 1976 636 2063 βίη,
650 1979 706 2040 καί
716 1975 755 2040 τό
776 1977 929 2058 ἀναγκαῖα
948 1971 1225 2058 συγκομισάμενοι,
1247 1977 1319 2040 ἐπεί

222 2075 384 2156 μάθοιμεν
400 2076 611 2152 ,ἀπολωλέναι
642 2074 678 2138 τό
701 2071 805 2160 ύδισρ,
833 2074 1108 2158 συγκατερρύημεν
1138 2073 1174 2138 τό
1194 2071 1318 2154 εὔελπι,

221 2171 279 2236 καί
298 2175 510 2255 διανείμαντες
538 2177 607 2238 ε’κεῖ
635 2173 693 2260 τήν
713 2173 904 2260 συγκομιδήν
922 2171 1021 2256 μόνου
1041 2175 1098 2240 τοῦ
1117 2175 1241 2238 δειλιάν
1264 2178 1318 2238 καί

223 2265 379 2356 εύχεσθαι
396 2275 595 2357 κατέστημεν.
1322 2287 1354 2340 20

310 2371 364 2446 Τίς
394 2364 434 2435 ἀν
462 2370 501 2455 δή
531 2370 689 2455 ἀπαγάγοι
718 2373 756 2436 τό
791 2375 921 2438 τοιαῦτα
949 2374 1004 2437 τοῦ
1040 2369 1120 2436 sard
1139 2373 1315 2456 προδοσίαν

224 2473 408 2552 συγγενικοῦ
415 2496 426 2552 ,-
448 2472 479 2535 εἰ
500 2467 561 2554 γὰρ
584 2475 639 2534 καί
657 2474 807 2554 μηδαμοῦ
829 2475 968 2536 ἐνταῦθα
989 2472 1132 2556 συνθήκη
1152 2468 1233 2553 πρὸς
1257 2492 1315 2534 πο-

225 2571 353 2650 λεμίους
377 2572 501 2652 (θετέον
520 2567 582 2654 γάρ
605 2563 720 2656 ούτιος)
748 2570 822 2634 οὐδὲ
847 2572 994 2654 ἀρέσκεια
1017 2574 1071 2636 ε’πί
1092 2569 1218 2656 δώροις,
1240 2593 1314 2656 φει-

299 2727 341 2779 18.
363 2727 555 2802 συγκαιερριλη
575 2729 629 2802 μὲν
649 2729 673 2782 Τ

226 2885 295 2938 dem.
330 2903 423 2941 serum
440 2892 515 2944 renti
543 2890 714 2943 abstulerunt
738 2893 884 2944 orationem
911 2891 1038 2956 Mazidae,
1058 2900 1087 2944 et
1104 2891 1247 2946 oblivione
1264 2895 1312 2946 ob-

226 2965 335 3009 ruentes
362 2968 480 3014 mentem
499 2961 629 3026 Desidia,
658 2965 845 3014 summiserunt
865 2964 1007 3027 surculum,
1034 2965 1080 3033 qui
1100 2963 1211 3027 adultus
1231 2966 1311 3034 stirps

225 3043 336 3096 magnae
363 3032 486 3084 miseriae
510 3033 622 3084 exstitit.
660 3032 778 3084 nondum
806 3034 876 3084 enim
902 3035 985 3086 muita
1012 3051 1123 3103 vespero
1143 3043 1211 3098 erat,
1229 3053 1312 3106 quum

227 3111 297 3170 aqua
315 3101 418 3168 ingesta
436 3103 521 3153 libere
543 3119 590 3171 per
609 3105 726 3153 canalem
748 3105 857 3154 ediusus
888 3107 1000 3172 strepitu
1020 3103 1162 3156 decursum
1180 3117 1311 3176 argueret.

227 3168 345 3220 Maaidas
365 3171 432 3222 sorte
451 3173 615 3242 praeteriens
635 3189 715 3242 quum
736 3173 861 3238 audisset,
879 3173 945 3244 quid
963 3177 1002 3226 rei
1023 3183 1103 3237 esset,
1125 3177 1159 3227 ad
1182 3177 1312 3228 Davidem

229 3255 306 3290 cursu
330 3241 449 3303 festinat,
468 3251 495 3294 et
513 3241 648 3304 admonet,
668 3243 741 3312 quod
757 3247 877 3296 suaserit.
915 3245 1027 3296 Davides
1046 3245 1138 3297 dolere
1157 3263 1185 3298 se
1204 3249 1313 3300 simulat

228 3318 257 3362 et
276 3309 313 3360 rei
333 3311 448 3362 oblitum
466 3329 524 3364 esse
542 3313 615 3364 dicit.
653 3315 771 3366 monitus
792 3325 890 3378 autem,
908 3333 1004 3386 aquam
1018 3316 1171 3368 effluentem
1190 3319 1314 3370 retineo-

229 3379 288 3430 dom
308 3396 373 3442 esse,
393 3383 520 3450 quoniam
533 3383 657 3436 damnum
680 3386 773 3452 corrigi
789 3395 887 3454 posset,
907 3387 1046 3448 recusavit,
1064 3387 1112 3438 sed
1131 3389 1206 3438 illam
1225 3391 1313 3442 emitti

228 3450 313 3500 iussit.
352 3453 442 3520 itaque
458 3469 526 3522 aqna
549 3454 679 3506 influebat
705 3454 828 3573 pridem,
854 3455 901 3506 scd
920 3458 1060 3508 emittebat
1079 3475 1168 3508 rursus
1187 3459 1314 3522 cisterna,

230 3519 302 3587 qnod
322 3529 467 3590 receperat,
486 3523 627 3587 dissoluto,
645 3542 709 3594 quos
736 3541 825 3576 recens
845 3535 995 3594 reparatum
1016 3528 1111 3590 suerat,
1130 3529 1196 3598 quia
1215 3531 1313 3582 calcem

230 3587 363 3641 humidam
385 3609 454 3662 sqors
472 3593 616 3645 abstersam
635 3594 783 3646 auferebat.
803 3613 853 3646 nec
870 3597 948 3648 multi
969 3597 1026 3650 dies
1045 3599 1214 3662 effluxerant,
1234 3619 1313 3672 quum

230 3657 345 3738 cisterna
371 3661 457 3714 inanis
475 3671 558 3716 esset:
588 3663 659 3716 unde
677 3665 758 3715 simut
782 3665 869 3718 inanis
898 3669 1000 3720 exstitit
1025 3671 1110 3720 omnis
1140 3687 1201 3739 spes
1225 3682 1313 3723 nostra

230 3742 259 3775 sn
278 3745 336 3780 arce
357 3733 496 3794 collocata,
515 3751 566 3785 nec
585 3736 638 3786 iam
656 3737 797 3805 quisquam
819 3738 847 3788 in
867 3753 925 3789 eam
946 3739 1119 3806 suspiciebat.
1157 3757 1207 3792 nos
1227 3743 1325 3810 igitur,

232 3794 309 3880 rebus
329 3805 487 3866 convasatis,
505 3811 535 3854 ut
552 3805 616 3856 illuc
629 3805 845 3870 concederemus,
866 3811 886 3858 si
907 3811 1052 3861 necessitas
1074 3821 1191 3878 cogeret,
1213 3821 1241 3863 et
1257 3815 1310 3863 coi-

231 3862 307 3944 tectrs
328 3869 407 3920 rebus
423 3875 586 3937 necessariis,
606 3893 689 3944 quum
712 3893 806 3946 aquam
825 3877 955 3930 deiecisse
973 3881 1149 3946 audissemus,
1168 3881 1310 3935 distributa

231 3931 269 3981 ιλιι
288 3935 373 4014 copia,
392 3941 426 3992 ad
447 3943 613 3995 formidinem
639 3954 667 3997 et
685 3961 776 4015 preces
796 3947 894 4000 redacti
915 3967 1014 4000 sumus.

280 4001 349 4084 Quas
360 4023 430 4085 ‘vero
449 4012 622 4066 vindicaverit
634 4014 701 4068 haec
718 4017 753 4066 ab
764 4017 893 4070 affinitate
912 4019 1095 4088 proditionis?
1117 4023 1224 4074 etiamsi
1243 4025 1309 4074 enim

232 4067 307 4119 auita
327 4073 366 4122 sits
396 4093 454 4127 cum
479 4080 555 4134 hoste
582 4085 672 4152 pactio
692 4087 857 4156 (ponendum
885 4091 956 4142 enim
977 4090 1029 4144 hoc
1048 4097 1099 4163 est)
1121 4107 1171 4144 nec
1189 4095 1309 4163 praemiis
