2776 4612
220 296 275 360 DE
291 289 645 358 massaaomcaxa
663 289 822 355 LATINIS
841 289 985 358 cml.
1075 287 1147 358 383

53 449 196 535 ααλατίιρ
217 449 273 511 και·
295 441 326 511 οἱ
347 445 490 530 ἀδελφοί,
510 441 528 506 d
549 440 709 526 Μανασὴλ
728 443 783 506 καί
809 441 994 528 illusimus,
1014 439 1096 528 πρὸς
1112 443 1148 506 δέ

53 548 109 614 καί
135 545 423 630 ὅσρωτοστράιωρ
443 545 597 623 Ἀλέξιος,
632 541 681 606 ἔτι
715 545 752 606 δέ
772 539 861 606 aoid
891 538 1049 625 ἔπαρχος·
1087 543 1149 608 τάν

55 652 91 714 δὲ
112 649 231 712 λοιπῶν
258 641 289 710 οἱ
316 647 376 726 μὲν
393 645 594 729 ἀφείθησαν,
616 643 747 726 atqcue
765 645 824 724 μὲν
842 646 888 719 εἰς
907 640 1005 708 ἕωλον
1023 641 1150 707 δεῖπνον

56 755 123 823 τοῖς
141 748 346 828 βουλομένοις
376 745 486 808 adroic
513 740 750 826 θοινὴσασθαι,
784 746 985 828 φαινομένας
1010 743 1047 806 δὲ
1068 739 1149 806 κατά

31 849 171 936 torpalius
192 843 247 910 καί
270 841 307 910 νδ
336 838 633 928 cicatricosam,
655 839 685 906 oi
706 844 742 907 δέ
761 865 844 918 τινες
865 841 1027 907 αἰιάλοντο
1050 841 1150 905 πωλί-

57 971 120 1022 amc
139 948 194 1012 καί
214 940 257 1020 ado
279 943 336 1008 usin
355 937 396 1007 άν
414 965 461 1018 τις
482 940 590 1008 ἴδοιτο.
632 947 744 1008 πολλοί
766 945 801 1007 δέ
815 943 873 1006 καί
887 943 1041 1030 δαερορίρ
1061 938 1150 1007 ἐκάν-

56 1069 108 1122 ιες
127 1046 319 1112 ἐδικαίωσαν
352 1036 502 1116 ἑαυτούς·
556 1031 601 1104 ὧν
627 1033 665 1124 ἦν
683 1039 775 1106 aoid
805 1037 900 1117 καλάς
921 1041 1148 1125 Λοιιορδᾶς,δ

56 1142 220 1230 αάνσοφος
245 1143 284 1208 τά
318 1137 525 1225 στρατηγικά,
553 1139 589 1206 δν
606 1138 719 1224 ἱέρακα
748 1137 801 1205 διά
831 1139 867 1204 ιδ
891 1143 948 1225 τῆς
968 1135 1150 1226 φρονήσεως

57 1245 113 1311 ιιαί
132 1243 166 1310 νδ
203 1240 280 1308 κατά
302 1245 418 1326 πρᾶξιν
448 1240 635 1320 άξσαετὲςδ
663 1243 724 1305 ruis
750 1237 898 1325 Τοάριιων
922 1237 1059 1305 αουλνάν
1079 1241 1150 1303 α’νο-

19 1361 49 1422 10
57 1343 171 1426 μάζειν
191 1345 360 1428 έθέκρινεν,
383 1339 399 1402 δ
420 1342 490 1406 τότε
511 1343 570 1420 μὲν
583 1339 726 1421 adtexuit
745 1343 944 1425 περισωθείς,
964 1343 1043 1422 μετά
1066 1341 1102 1403 δέ
1114 1363 1149 1422 ys

59 1442 180 1520 α’θλίως
199 1451 268 1518 ταῖς
288 1444 345 1507 rosi
364 1443 518 1524 βασιλέως
546 1441 746 1522 Ἀνδρονίκου
766 1443 820 1506 καί
838 1437 937 1516 odric
956 1441 1071 1524 πάγαις
1095 1463 1151 1504 sss·

60 1546 274 1628 praesumseris
294 1543 349 1606 ιιαί
369 1537 537 1618 έξολωλάς.

136 1633 198 1708 Ἦν
217 1643 372 1706 δὲταῦτα
391 1638 475 1704 τότε.
530 1643 586 1706 καί
605 1643 684 1717 τέως
702 1643 762 1722 μὲν
780 1639 854 1721 neos*
872 1641 951 1720 μίαν
972 1638 1097 1724 ἡμέραν
1121 1637 1153 1704 οἱ

57 1737 211 1825 τέσσαρες
228 1739 423 1826 ἠτιμωμένοι
444 1734 591 1806 ἑάλωσαν
612 1742 710 1824 δῆθεν
730 1737 934 1820 ξυνωμοσίας,
955 1737 971 1804 δ
991 1737 1153 1819 Musunii.

21 1855 52 1908 15
62 1844 116 1908 καί
131 1835 276 1924 Ἰωάννης
298 1836 328 1904 οἱ
350 1833 492 1926 άδελφοί,
515 1835 798 1923 δυροοτοστράτωρ
819 1839 956 1916 Ἀλέξιος
977 1839 1033 1904 καί
1048 1835 1152 1904 Ἰωάν.

12 1969 14 1978 ⁴
60 1963 115 2025 νης
136 1937 154 2003 o‘
174 1937 334 2022 ἔπαρχος·
375 1943 431 2004 καί
451 1933 536 2020 εἶχεν
556 1937 714 2025 adrudus}
741 1935 913 2022 κάθειρξις,
935 1940 991 2002 καί
1009 1939 1071 2020 πρὸ
1092 1939 1153 2002 osai·

60 2045 116 2124 τῆς
133 2038 174 2104 τά
195 2037 267 2104 λίαν
287 2031 396 2120 ὄνομα.
437 2036 473 2102 sd
499 2039 535 2104 δὲ
557 2041 627 2118 ζέον
640 2043 699 2102 τοῦ
718 2037 829 2119 θυμοῦ
848 2045 913 2112 τοῖς
936 2041 1078 2122 κρίνααιν
1099 2040 1153 2118 ἑβ-

61 2135 197 2224 ράττοτο
218 2141 274 2204 καί
293 2137 372 2204 κατά
394 2140 448 2221 τῆς
471 2136 766 2223 πορφυρογιννὴτου
791 2137 847 2200 καί
865 2138 923 2202 rosi
943 2137 1153 2220 condiscimus

62 2241 239 2322 Καίσαρος.
281 2239 339 2302 osis
362 2229 429 2320 εἶχε
449 2237 485 2301 δὲ
505 2240 560 2300 καί
579 2239 705 2317 ἐκζέσαι
722 2237 848 2316 adcisa,
869 2236 914 2311 ιδς
931 2239 986 2300 καί
1004 2239 1154 2318 γενέσθαι

21 2339 221 2422 ροσρόοατον
244 2334 281 2400 τά
302 2335 405 2419 καινάν,
425 2338 490 2401 ἀλλ’
511 2338 711 2418 ένδομυχοάν
744 2335 798 2398 καί
818 2334 1062 2420 ὑποτυφόμενον
1081 2337 1154 2398 έπέ-

62 2461 139 2520 σχεν
159 2437 205 2512 οἷς
226 2439 375 2502 τοσοῦτον
397 2435 442 2512 ὥς
461 2437 517 2500 καί
535 2437 591 2501 τὸν
613 2437 814 2519 ’πατριάρχην
838 2437 971 2516 δοκῆσαν
991 2432 1071 2516 πρὸς
1092 2433 1152 2497 αδ.

61 2539 125 2603 τοῖν
144 2531 227 2601 εἶναι
243 2535 321 2612 τοάς
340 2537 511 2620 κρίνοντας.
556 2534 606 2600 διά
628 2537 684 2600 καί
703 2533 802 2609 adada
821 2538 879 2616 μὲν
899 2532 1050 2608 dulcisonis
1075 2535 1152 2618 ἐμη-

61 2635 180 2703 νάσατο
202 2633 283 2722 πρὸς
302 2631 439 2723 ἑσπέραν
459 2636 498 2701 ιὰ
520 2637 631 2724 λρῐονα.
684 2633 714 2701 οἱ
737 2637 773 2700 δέ
793 2635 854 2718 orig
884 2632 985 2700 άιιλοῖ
999 2635 1152 2716 έμελέιωι

135 2805 159 2857 l.
178 2805 239 2877 sui?

62 2973 160 3026 magno
180 2957 284 3028 palatio
311 2959 407 3012 fratres
428 2961 578 3024 comneni,
599 2959 709 3012 Mannel
730 2967 759 3010 et
780 2960 911 3021 loannes,
931 2959 1038 3012 Alexius
1057 2969 1151 3031 proto-

62 3037 169 3091 strator,
191 3035 219 3080 et
245 3029 385 3098 eparchon.
423 3047 439 3081 e
466 3032 575 3100 reliquis
595 3031 642 3082 alii
663 3031 764 3082 dimissi
786 3039 863 3092 sunt,
886 3046 974 3083 revera
994 3030 1027 3081 ad
1048 3035 1151 3100 epulas,

62 3107 93 3150 ut
112 3101 206 3162 aiunt,
225 3098 378 3162 hesternas,
405 3102 427 3152 si
447 3103 493 3170 qui
514 3103 616 3172 epulari
634 3101 752 3164 vellent,
779 3100 826 3152 sed
853 3101 943 3170 specie
969 3103 1103 3153 amicitiae
1124 3113 1152 3156 et

62 3169 265 3234 confidentiae,
288 3171 335 3221 alii
363 3173 502 3242 perierunt
536 3173 596 3223 latis
617 3173 694 3223 variis
712 3181 740 3224 et
756 3187 826 3242 quae
845 3189 925 3224 nemo
945 3171 1025 3224 facile
1044 3175 1150 3226 viderit.

62 3241 142 3292 multi
162 3241 242 3292 eiiam
271 3242 344 3292 ultro
374 3259 402 3293 se
433 3243 515 3292 exilio
533 3244 693 3310 multarum
724 3259 738 3294 ο
766 3242 867 3313 quibus
894 3245 1006 3295 eximius
1031 3245 1078 3295 ille
1099 3245 1152 3296 fuit

61 3311 208 3381 Lapardas‚
227 3312 267 3362 vir
285 3313 322 3372 rei
340 3312 463 3364 militaris
485 3315 675 3382 peritissimus,
696 3329 775 3382 quem
792 3323 904 3384 propter
920 3315 1022 3383 ingenii
1039 3333 1151 3368 acumen

62 3391 93 3434 et
111 3383 279 3434 celeritatem
298 3383 393 3451 agendi
415 3385 538 3435 eximiam
562 3387 651 3436 sultou
668 3385 813 3436 Turcarum
842 3386 951 3436 nomine
976 3387 1088 3437 volturis
1110 3387 1152 3438 di-

62 3470 145 3520 gnum
166 3453 319 3518 iudicabat;
348 3457 395 3523 qni
420 3463 475 3506 tum
502 3455 612 3525 quidem
640 3455 756 3508 feliciter
781 3464 970 3519 conservatus,
993 3456 1040 3508 sed
1057 3467 1152 3528 postea

61 3525 235 3594 imperatoris
249 3524 395 3576 Andronici
414 3524 518 3595 laqueis
538 3528 665 3590 irretitus,
681 3527 872 3578 miserabiliter
890 3535 919 3578 et
937 3527 996 3597 ipae
1015 3529 1106 3596 periit.

135 3597 207 3648 llaec
232 3597 316 3664 igitur
342 3597 453 3647 italum
477 3605 561 3648 erunt.
600 3615 652 3648 uno
679 3597 724 3649 die
748 3607 878 3667 quattuor
906 3599 947 3650 illi
974 3597 1025 3648 viri
1054 3605 1153 3650 contu-

61 3667 152 3718 meliis
179 3667 269 3719 affecti
290 3668 484 3719 coniurationis
511 3669 615 3720 scilieet
638 3668 757 3719 damnati
787 3676 867 3730 sunt,
886 3668 996 3719 Manuel
1025 3675 1053 3719 st
1074 3671 1154 3720 loun.

60 3755 112 3790 nea
132 3738 246 3800 iratres,
272 3739 382 3790 Aleaius
405 3745 584 3806 protostrator
610 3749 638 3790 et
667 3741 781 3790 loannes
806 3737 950 3806 eparcbus3
980 3739 1153 3792 continebat·

62 3823 121 3879 qus
151 3823 197 3858 eos
222 3809 361 3873 custodia,
385 3809 497 3860 aillictos
518 3811 593 3877 prius
623 3825 723 3860 summa
751 3809 909 3875 ignominia.
951 3823 1044 3859 verum
1065 3809 1155 3862 ferror

61 3875 224 3930 iracundiae
238 3881 378 3932 aestuabat
395 3883 423 3932 in
443 3881 538 3932 animis
557 3879 674 3931 iudicum
699 3881 779 3930 etiam
797 3877 923 3931 adsersus
941 3879 1154 3949 porphyrogeni-

62 3959 120 4001 tum
141 3955 170 3998 et
187 3947 258 3998 vitae
276 3951 377 4002 socium
400 3955 549 4004 Caessrem.
586 3967 641 4002 non
666 3957 775 4020 poterat
793 3957 884 4002 tamen
904 3953 1076 4003 effervescere
1095 3951 1154 4004 illi-

62 4037 107 4082 co,
128 4025 159 4070 nt
177 4016 381 4088 despumaretnr
399 4031 426 4075 et
443 4023 586 4074 manifesta
604 4023 680 4072 lieret
692 4021 835 4091 pernicies,
853 4019 901 4072 sed
921 4022 993 4073 intus
1012 4023 1154 4076 aestuabat

62 4089 260 4158 gliscebatqus,
280 4097 309 4140 ut
326 4093 406 4143 etiam
424 4094 573 4163 patriarcha
601 4091 704 4144 iudices
723 4093 777 4143 illis
796 4095 885 4144 favere
905 4099 1021 4162 putaret.
1059 4095 1153 4164 itaque

62 4161 123 4232 ipse
140 4159 250 4232 quidem
270 4161 429 4232 simpliciter
446 4164 495 4216 sub
515 4179 654 4235 vesperam
675 4163 806 4216 suadebat
822 4162 949 4234 meliora5
971 4164 1019 4217 sed
1039 4166 1081 4217 illi
1098 4165 1151 4216 ism
