2756 4620
203 301 273 372 rao
491 263 987 384 [uaoussoussmmros]

292 465 353 538 Ἦν
374 471 410 534 δέ
422 491 470 544 τις
492 463 632 552 χάλκεός
656 464 804 548 Ἀνδρέας
825 454 974 542 τοόνομα,
995 457 1078 541 ἔχων
1096 459 1172 540 μεθ’
1191 448 1300 520 αότοά

199 573 279 638 νότια
301 569 418 648 ξανθόν
437 567 492 632 καί
509 565 643 652 τυφλόν,
665 562 700 639 iic
720 562 819 628 έπσίει
839 563 969 639 τέρατα·
1011 561 1211 637 παρεστῶτος
1229 555 1297 639 γάρ

200 673 286 760 αὐτῷ
307 664 421 753 όχλου,
456 665 561 747 λάθρα
591 667 649 728 rosi
675 659 770 736 κυνός
791 663 953 740 ἐκομίζετο
974 655 1014 722 τά
1032 661 1093 723 τῶν
1115 657 1298 722 ἐνεστώτων

199 769 385 836 δακτυλίδια
415 767 522 852 χρυσᾶ
547 786 580 828 τε
598 763 654 826 καί
682 763 807 844 ἀργυρᾶ
826 761 882 824 καί
901 758 1029 842 σιδηρᾶ,
1050 759 1106 820 καί
1125 755 1225 821 ε’τίθει
1247 755 1298 829 είς

199 867 234 936 τό
256 865 376 952 ἔδαφος
405 867 600 950 περισκέπιον
630 862 714 926 ouini
746 861 881 942 χώματι,
903 862 959 922 καί
977 859 1126 938 ἐπέτρεπε
1146 857 1190 942 τῷ
1210 855 1328 934 surdis

101 1029 109 1048 ,
200 970 255 1034 καί
275 969 433 1048 ἐλάμβανε
463 964 518 1027 καί
543 963 651 1028 έδίδου
676 953 796 1046 ἑκάστην
818 957 853 1022 τό
874 957 964 1023 iiiios.
1007 951 1122 1036 ὁμοίως
1143 952 1198 1018 καί
1217 955 1296 1017 δια.

201 1068 312 1154 φόρων
332 1065 489 1145 βασιλέων
509 1059 687 1142 νομίσματα
716 1055 893 1140 μιγνόμευα
913 1049 1066 1120 ἀπεδίδου
1088 1057 1154 1120 κατ’
1177 1045 1294 1132 ὄνομα.

200 1163 281 1231 ἀλλά
306 1165 362 1228 καί
395 1165 458 1228 τεόν
489 1157 700 1244 παρεστώτων
720 1161 845 1241 ἀνδρῶν
864 1180 899 1220 τε
920 1159 975 1221 καί
992 1159 1148 1240 γυναικοῖν
1168 1153 1294 1219 ἐπεδεί-

200 1289 273 1330 κνυε
305 1261 362 1338 τός
389 1265 424 1328 έν
452 1261 567 1345 γαστρί
594 1258 730 1342 έχοόσας
757 1255 813 1321 καί
838 1257 971 1339 πόρνους
1000 1259 1054 1320 καί
1079 1252 1215 1337 μοιχοός
1237 1251 1297 1317 καί

200 1361 414 1448 ἀνελεήμονας
442 1360 497 1426 καί
523 1357 651 1436 κνιπυός
673 1357 821 1432 α’πλανιός
846 1359 903 1420 καί
931 1355 1012 1438 μετά
1036 1358 1188 1439 ἀληθείας
1207 1355 1293 1419 stara
1307 1369 1348 1422 10

200 1487 294 1530 κνυε·
337 1458 412 1527 όθεν
433 1459 538 1544 ἔλεγον
561 1460 617 1525 τόν
635 1456 714 1524 κόνα
735 1457 860 1538 πνεῦμα
879 1455 1041 1532 Πόθαινυς
1062 1452 1155 1540 ἔχειν.

278 1563 317 1628 Ὁ
350 1564 386 1628 δὲ
411 1558 509 1636 αότός
536 1555 686 1642 βασιλεός
718 1559 815 1636 κτίζει
843 1556 898 1620 κατ’
924 1553 980 1620 τόν
999 1557 1033 1620 έν
1052 1559 1092 1644 τῇ
1113 1557 1198 1642 πηγῇ
1216 1551 1296 1618 ναόν

200 1665 257 1746 τῆς
289 1661 463 1746 όπεραγίας
490 1657 656 1739 θεοτόκου,
689 1661 744 1722 καί
774 1655 946 1738 πάμπολλα
972 1657 1126 1736 κτιλτματα
1148 1653 1297 1736 ἐποίησεν

200 1765 372 1846 ἐκκλησιῶν
393 1783 427 1825 τε
446 1761 502 1824 καί
521 1757 650 1840 πόλεως,
680 1755 736 1822 καί
757 1754 814 1840 την
833 1758 1072 1840 πενταγέφυραν
1092 1755 1149 1818 τοιῖ
1167 1757 1297 1836 Σαγγα.

201 1867 272 1947 ρίου
295 1857 379 1944 άπερ
400 1854 580 1942 Προκόπιος
604 1853 802 1941 disrupistis
828 1857 863 1920 έν
886 1853 964 1918 (inrui
987 1855 1091 1937 λόγοις
1112 1851 1295 1935 ἀνεγράψα-
1310 1877 1348 1930 15

202 1983 250 2028 το.
302 1961 347 2035 εἰς
369 1957 473 2024 dissi
497 1961 568 2040 τέλη
598 1949 748 2021 αότοότό
784 1953 858 2038 περί
880 1955 1029 2040 φθαρτοῦ
1050 1953 1104 2016 καί
1123 1951 1295 2038 ἀφθάρτου

201 2057 331 2142 κινήσας
353 2056 455 2138 δόγμα
475 2055 639 2139 ἀλλότριος
659 2057 714 2138 τῆς
729 2055 892 2136 saetosam
908 2055 988 2117 θεσό
1001 2048 1193 2138 ἐτελεύτησε,
1214 2076 1297 2136 προ-

201 2155 375 2241 βαλόμενος
394 2156 558 2222 ’ίουστΐνον
579 2154 712 2234 ἀνεψιόν
734 2153 836 2218 αάτοό
867 2155 913 2228 εἰς
931 2153 1074 2235 βασιλέα,
1094 2151 1298 2236 κουροπαλά-

201 2281 259 2342 την
278 2255 351 2321 τότε
372 2249 462 2320 ὄντα.
504 2257 659 2337 κατετέθη
679 2255 714 2319 δὲ
735 2253 767 2318 τό
789 2244 882 2333 σῶμα
912 2253 1012 2316 adasai
1032 2253 1066 2317 ἐν
1085 2255 1129 2339 τῷ
1148 2255 1213 2338 ναῷ
1233 2255 1298 2315 τάν

203 2352 301 2438 ἁγίων
335 2349 513 2420 ἀποστόλων
549 2351 630 2434 πρός
659 2349 784 2436 βορράν
811 2355 846 2418 ἐν
876 2351 1007 2434 λάρνακι
1028 2355 1172 2441 βοθυνῇ·
1215 2351 1347 2434 dadino

201 2453 278 2540 γυνη
302 2456 404 2520 αάτοό
427 2451 581 2537 Θεοδάρα
614 2447 885 2536 προετελεότησεν.
926 2449 985 2534 τη“υ
1008 2449 1044 2516 δέ
1062 2453 1115 2536 τῆς
1135 2451 1296 2534 ἀρχιερω·

203 2553 297 2640 οόνης
323 2551 417 2637 τιμὴν
451 2552 506 2618 ἐπί
533 2551 634 2617 atros
654 2547 765 2637 ελληφε
793 2554 997 2638 πρῶτονμὲν
1016 2549 1163 2638 Ἰωάννης,
1185 2545 1296 2614 ἔπειτα

278 2757 321 2812 14.
341 2759 472 2831 ααγάρου
488 2759 549 2812 cod·
616 2759 658 2812 15.
679 2757 696 2813 δ
714 2775 758 2812 orn
776 2759 798 2812 C

277 2937 341 2988 Erat
358 2934 434 2987 saber
454 2933 573 3006 quidam,
596 2936 639 2987 cui
656 2951 755 2988 nomen
775 2933 906 3000 Andreae,
934 2935 980 3008 qui
1000 2953 1091 2988 ascum
1109 2935 1228 2990 babebat
1247 2953 1294 2990 ca·

206 3023 268 3058 nem
287 3006 382 3060 ssavum
401 3015 429 3057 et
445 3023 552 3057 caecum
572 3005 698 3058 miracula
719 3006 852 3059 edentem.
889 3005 1013 3059 adstante
1031 3009 1101 3059 enim
1117 3007 1295 3061 multitudine

206 3077 357 3140 bominum,
376 3075 538 3129 adstantium
556 3077 694 3130 bominum
712 3078 826 3130 annulos
839 3095 942 3140 aurcos,
962 3087 1111 3146 argenteos,
1133 3081 1233 3131 ferreos
1251 3080 1296 3132 iu-

207 3151 262 3200 scio
283 3165 348 3200 caue
367 3149 395 3200 in
415 3150 474 3199 solo
492 3149 627 3218 ponebat,
644 3158 672 3200 et
691 3157 761 3202 terra
779 3147 900 3218 tegebat3
923 3157 978 3199 tuns
998 3149 1071 3202 cauis
1089 3151 1176 3202 iussus
1203 3163 1295 3202 sume-

208 3221 256 3272 bat
276 3228 304 3272 ct
321 3235 399 3269 suum
419 3221 518 3290 cuique
541 3219 670 3271 annulum
685 3219 821 3272 reddebat
856 3217 949 3270 eadem
969 3221 1074 3270 ratione
1099 3221 1230 3273 sariorum
1250 3237 1295 3272 re-

208 3309 270 3359 gum
290 3305 429 3352 nummos,
449 3291 613 3360 permixtos,
631 3298 713 3360 prout
739 3307 837 3344 nomeu
856 3298 929 3352 erat,
949 3289 1086 3342 reddebat.
1123 3291 1192 3362 quin
1213 3291 1296 3344 etiam

208 3379 240 3413 ex
253 3359 420 3412 adstantibus
435 3361 541 3412 seminis
561 3369 589 3412 et
606 3361 668 3412 viris
683 3359 852 3423 ostendebat,
871 3377 941 3430 quae
959 3359 1085 3428 gravidas
1105 3370 1204 3426 essent,
1224 3378 1296 3432 quae

208 3432 377 3493 meretrices,
406 3433 454 3500 qui
477 3429 592 3492 moechi,
617 3431 664 3502 qui
686 3429 916 3494 immisericordes,
933 3433 981 3502 qui
1000 3432 1080 3494 avari,
1099 3442 1185 3504 eaque
1205 3433 1295 3484 omnia

207 3505 267 3556 sine
288 3517 377 3554 errore
394 3510 501 3555 atsere
519 3501 687 3556 ostendebat.
715 3501 787 3554 unde
806 3501 945 3566 dicebant,
963 3519 1056 3554 canens
1074 3501 1174 3556 habers
1193 3501 1297 3572 Pytho·

207 3576 281 3626 uias
304 3575 402 3626 iritum.
606 3615 611 3628 .

277 3591 352 3696 lldlsru
369 3659 415 3694 rex
433 3642 563 3712 tempium
581 3641 765 3694 sanctissimae
793 3643 884 3694 tastris
904 3641 949 3694 dei
973 3659 1022 3713 pro
1045 3659 1059 3694 e
1078 3643 1181 3696 sontem
1200 3641 1296 3696 aedifi·

207 3723 250 3766 cat
268 3725 297 3768 ot
313 3714 460 3786 permultas
471 3713 601 3766 ecciesiae
614 3721 642 3766 et
660 3713 688 3764 in
700 3711 766 3764 urbs
786 3711 908 3766 aedificia
929 3713 1008 3765 condi
1031 3715 1052 3765 it
1071 3721 1099 3766 et
1108 3723 1219 3784 pontem
1228 3713 1297 3766 San.

208 3785 275 3852 gatii
295 3787 312 3838 5
332 3785 446 3838 arcubus
463 3783 622 3846 aedificavit,
641 3799 720 3853 quem
739 3789 802 3836 octo
816 3783 981 3835 sennonibus
999 3783 1139 3856 descripsit
1153 3785 1297 3856 Procopius

208 3855 359 3908 historicae.
401 3856 450 3908 sub
470 3855 550 3906 finem
569 3863 659 3906 cutem
678 3853 762 3922 ipsius
785 3869 894 3906 moscus
912 3853 1007 3922 dogma
1033 3854 1068 3906 ds
1085 3856 1250 3908 mortaiitats
1269 3865 1298 3910 et

209 3925 414 3980 immortalitate
432 3925 535 3978 alienus
553 3941 568 3974 ι
589 3925 689 3994 pietate
706 3939 767 3990 erga
795 3921 874 3976 deum
898 3924 976 3987 obiit,
997 3933 1139 3996 postquam
1164 3927 1297 3980 lautianm

210 3997 360 4066 patruelem
380 3997 552 4066 curopalatas
572 4011 682 4046 munere
702 4001 766 4044 tuuc
785 3994 941 4062 fungentem
960 4011 1048 4063 regern
1066 3999 1217 4066 proposuit.
1253 4015 1296 4050 se-

209 4065 315 4136 pultum
337 4073 379 4118 est
395 4081 493 4136 corpus
510 4067 569 4117 eius
588 4065 617 4116 in
636 4063 747 4116 ecclesia
759 4073 912 4116 sanatorum
924 4066 1117 4136 apostolorum.
1153 4085 1221 4120 uxor
1240 4069 1297 4120 cius

208 4133 352 4190 Theodora
369 4145 449 4204 autea
473 4143 578 4188 mortua
596 4142 661 4188 erat.
698 4135 792 4186 summi
818 4134 961 4189 sacerdotii
987 4136 1117 4192 honorem
1137 4146 1228 4191 autem
1247 4139 1297 4192 sub
