2762 4622
449 243 833 318 cenomanorum*
1099 235 1170 306 251

6 397 7 474 ζ
86 387 193 478 μάνητς
212 395 268 458 καί
286 394 441 476 άντογνοδς
464 397 625 480 δκαθδοθη
645 399 701 462 diss*
716 397 772 480 τῆς,
782 399 887 481 κλίνης
898 397 1012 464 tritus
1032 396 1089 472 τάς
1106 401 1175 480 τρί-

85 517 150 576 χας
170 494 284 558 ositeri.
334 495 391 558 τοῦ
422 495 458 560 dd
491 491 774 576 βασιλέωςάνινον
795 496 922 584 θανάτῳ
957 497 1175 581 παραπλήσιον

87 594 285 674 κοιμωμένου
316 589 445 676 α’θρόας
472 593 577 690 &trop
607 598 776 670 Βασιλειος
802 593 883 676 μετὰ
912 593 967 660 καί
987 588 1101 677 ἑτέραν
1118 591 1176 671 τάς

88 688 194 774 θάρος
222 693 376 779 estpro-
427 689 484 758 καί
502 689 643 777 ἔμφοβος
668 694 806 772 δξελθάν
832 695 973 778 Ἰγνάτιος
993 695 1179 760 άντένιιτιτεν

6 823 7 828 1
61 791 251 876 tBuosisirp
270 789 315 873 μὴ
338 791 499 856 εἰσελθεῖν.
523 795 648 875 Πέτρος
668 795 705 858 δὲ
724 792 743 860 ά
761 793 946 877 Βοάλγοιρος
966 791 1020 858 διά
1042 795 1099 876 τῆς
1119 793 1178 858 τοῦ

90 892 264 956 Βασιλείαν
284 887 453 975 μασχάλης
482 890 617 956 διελθών
636 890 717 976 νιρός
745 891 803 976 την
824 893 929 978 κλίνην
948 895 1006 958 τοῦ
1021 895 1178 974 βασιλέως

90 987 252 1072 ἐκρατήθη
280 985 366 1070 νεορά
393 983 564 1073 ’tyresium
590 989 646 1056 καί
675 990 908 1065 άνεινιάιτοντος
935 990 1019 1077 αὐτῷ
1048 986 1178 1070 ἔξυπνος

90 1089 214 1170 ἐγένετο
235 1081 253 1150 δ
272 1087 433 1168 βασιλεύς.
478 1087 623 1174 Ἰωάννης
651 1091 687 1156 δὲ
715 1088 733 1154 o‘
762 1086 891 1166 Χάλδος
918 1089 1065 1172 τορευθά
1094 1085 1175 1170 μετά

91 1189 148 1252 τοῦ
169 1191 283 1270 ξίφους
303 1185 378 1263 δυάς
397 1190 487 1276 ου’τηῖ
506 1179 666 1270 άτιίκοψεν
695 1185 754 1264 τάς
775 1196 886 1272 χεῖρας
909 1187 1017 1268 αὐτοῦ,
1037 1189 1220 1270 ’ίαιιοοβί-ὅσ

44 1298 82 1354 10
92 1289 168 1371 τζης
189 1288 226 1352 δὲ
247 1285 303 1352 καί
331 1285 348 1352 ά
382 1289 514 1372 Πέρσης
541 1287 594 1354 τὸν
612 1286 860 1360 Βασιλισκιονάν
888 1291 974 1376 ξίφει
1003 1287 1242 1376 τριόσαντεςλλι

91 1384 233 1470 ἔρριψαν
266 1387 366 1453 ου’τδν
396 1379 636 1452 demerentes.
678 1383 848 1469 Μυριανάς
879 1389 914 1452 δὲ
936 1387 991 1452 καί
1009 1383 1179 1468 Βάρδαςά

91 1483 197 1569 πατὴρ
218 1485 390 1553 Βασιλείου
411 1483 468 1551 καί
479 1489 719 1562 Κανσταντῐνος
740 1484 757 1550 δ
780 1489 931 1573 Τοξοράς,
951 1477 1038 1552 οὗτοι
1053 1488 1179 1550 ἵσταντο

93 1579 173 1668 ντράς
194 1583 340 1670 φυλακην
368 1583 501 1664 ἔξωθεν·
550 1585 605 1650 καί
623 1584 727 1662 ου’δοίς
753 1589 815 1652 τάν
834 1585 915 1668 μετά
937 1583 1075 1672 Μιχαάλ
1099 1582 1179 1668 ἔγνον

92 1683 131 1748 τά
153 1685 311 1767 γινόμενα.
351 1685 634 1767 συναθροισθέντες
660 1688 695 1750 δὲ
726 1681 756 1750 oi
786 1684 866 1767 μετά
891 1687 1063 1752 Βασίλειον
1082 1679 1129 1748 δτι
1151 1686 1182 1750 εί

6 1781 7 1784 “
49 1781 150 1852 rorat
168 1781 227 1858 τάς
246 1793 358 1869 χεῖρας
388 1785 491 1850 orituri
509 1784 687 1867 ίκάψαμεν,
708 1787 810 1863 ζῶντα
830 1784 928 1850 ου’τάν
950 1785 1107 1866 εἰάσαμεν·
1126 1785 1182 1848 καί

93 1881 152 1946 ἐάν
174 1885 222 1969 ζῇ,
244 1890 277 1950 τί
296 1882 579 1968 α’σολορησὸμεθας
599 1887 653 1950 καί
665 1884 1037 1973 χαριζόμενοςΒασιλεάμ
1059 1881 1179 1949 δΧάλ.

93 1983 150 2058 δος
170 1983 376 2066 ὑποστρέψας
406 1975 482 2068 eripe
515 1982 653 2068 Μιχαὴλ
681 1992 793 2068 χεῖρας
822 1988 882 2066 μὲν
910 1981 954 2067 μὴ
984 1981 1107 2066 ἔχοντα,
1128 1980 1183 2046 ε’νεί

92 2083 150 2164 τῆς
172 2087 278 2167 κλίνης
298 2085 334 2147 δὲ
358 2086 498 2162 κείμενον
516 2084 822 2166 ίλεεινολογοάμενον
836 2080 915 2148 κατά
934 2083 1118 2150 Βασιλείαν.
1162 2077 1180 2146 ά

94 2183 132 2246 δὲ
160 2179 197 2246 τά
231 2184 320 2267 ξίφος
348 2182 465 2264 γυμνὸν
491 2185 630 2267 δνηλεοῖς
653 2180 765 2266 ἔτηξεν
800 2180 881 2248 κατά
900 2183 954 2268 τῆς
971 2186 1103 2266 καρδίας
1122 2185 1181 2248 sori

48 2284 264 2365 wduostdosc,
285 2282 452 2362 διασχίσος
473 2281 512 2347 τά
532 2279 647 2364 ἔγκατα
674 2283 787 2362 odensi,
808 2286 864 2348 καί
881 2285 1034 2368 στραφεὶς
1055 2287 1210 2348 ε’νειιαυ-(λ

93 2381 176 2462 χάτο
197 2377 277 2466 πρὸς
297 2383 465 2445 Βασιλειον
485 2375 528 2458 ὥς
549 2379 782 2466 ἀνδραγάθημα
800 2380 983 2466 ιιενισιηκάς.
1025 2380 1182 2457 κλύδωνος

96 2481 135 2544 δὲ
167 2471 258 2554 ὄντος
287 2481 321 2543 ἑν
345 2481 386 2568 τῇ
414 2477 559 2568 θαλάσση
590 2484 875 2566 συναθροισθέντες
903 2482 1058 2562 κατῆλθον
1085 2485 1183 2564 μέχρι

97 2579 158 2642 rori
181 2573 383 2664 νιεράματσς,
407 2577 463 2645 καί
483 2576 727 2664 διαπεράσαντες
755 2573 854 2663 η’λθυν
873 2580 919 2654 εἰς
940 2575 996 2644 τάν
1015 2573 1099 2644 οἶνον
1118 2581 1183 2646 Ed·

99 2851 146 2890 ιον
163 2835 302 2890 confusam
329 2837 438 2908 reperit
482 2853 564 2910 quare
588 2837 617 2890 ln
636 2835 852 2908 desperationem
873 2833 979 2898 doetus,
998 2834 1112 2906 capillos
1128 2835 1182 2890 sibi

101 2907 216 2972 vellens,
234 2909 263 2960 in
281 2908 350 2960 lecto
369 2907 490 2960 sedebat
531 2909 691 2978 imperatore
709 2925 771 2962 aero
789 2925 910 2960 somnum
937 2907 1017 2960 morti
1036 2924 1182 2978 quampro-

99 2979 203 3032 ximum
230 2978 438 3044 obdormiente,
455 2978 601 3063 derepente
627 2977 739 3032 Basilius
765 2996 825 3031 eum
845 2979 905 3031 aliis
923 2979 1071 3030 adveniens
1088 2980 1182 3032 ianuas

98 3050 217 3118 speruit.
253 3049 424 3102 tremefactus
443 3049 563 3117 ignatius
579 3051 608 3102 in
626 3050 764 3102 adversum
783 3049 898 3114 obstitit,
915 3067 949 3100 ue
966 3047 1080 3102 Basilius
1097 3052 1182 3102 intra·

100 3127 153 3172 rer.
189 3121 281 3174 Petrus
298 3129 387 3172 autem
404 3120 543 3190 Buigarus,
559 3121 609 3174 sub
621 3117 713 3174 Basilii
731 3120 811 3172 axilla
829 3123 948 3190 irrepens
967 3120 1047 3173 etad
1064 3121 1181 3191 impera-

100 3191 169 3244 toris
189 3191 288 3243 lectum
307 3201 460 3260 penetrans,
477 3191 512 3242 ab
531 3193 635 3260 Ignatio
653 3194 722 3244 eires
740 3191 861 3244 adversus
880 3199 1034 3261 opponente
1056 3191 1182 3244 detentus

100 3269 158 3322 est;
179 3279 214 3314 ex
233 3279 287 3331 quo
303 3279 410 3314 somnus
427 3264 596 3332 imperatorie
615 3265 729 3316 solutus.
746 3265 861 3316 Ioannes
877 3280 940 3316 vero
959 3261 1088 3314 Chaldius
1102 3262 1183 3330 plage

101 3331 194 3402 giadio
212 3333 313 3384 inflicta
339 3351 434 3386 manus
454 3336 512 3386 eius
540 3333 662 3398 abscidit,
681 3333 827 3398 lacebitees
846 3351 910 3387 vero
928 3335 1004 3386 Persa
1024 3341 1052 3384 et
1069 3334 1115 3384 alii
1132 3331 1184 3384 Ba-

101 3403 269 3456 siiisoianum
288 3405 525 3457 enseaoinerntum
545 3421 559 3456 e
580 3407 652 3458 teoto
669 3406 698 3458 in
716 3406 898 3476 pavimentum
917 3403 1103 3460 deturbarunt.
1123 3405 1184 3456 Ms-

103 3475 193 3526 riauus
213 3483 302 3526 nutem
322 3484 351 3530 et
368 3485 444 3544 pater
462 3475 554 3527 Basilii
570 3475 667 3528 Boedas
687 3485 715 3528 et
733 3475 924 3528 Constantinus
941 3477 1059 3528 Tortores
1076 3474 1185 3528 stabant

102 3545 169 3598 foris
187 3545 217 3598 in
235 3545 365 3609 excubiis,
382 3547 420 3598 itu
441 3556 471 3600 ut
489 3545 696 3600 domesticorum
714 3547 814 3610 nullus,
852 3563 901 3599 uae
919 3562 978 3597 cum
991 3544 1123 3598 Mieheeie
1137 3559 1185 3612 ge-

102 3613 241 3682 rebantur,
259 3617 377 3670 resciret·
412 3625 441 3670 at
457 3619 589 3670 coniurati
607 3633 666 3670 eum
679 3619 778 3669 Basilio
796 3565 903 3670 coderet
917 3617 1000 3668 “lieet
1014 3632 1108 3666 manus
1124 3615 1184 3670 eius

103 3687 342 3757 praesciderimus,
368 3688 456 3740 vivum
481 3697 571 3742 tamen
597 3689 770 3760 reliquimus''
799 3687 936 3740 dixeruntr
955 3687 996 3738 “si
1014 3685 1186 3754 superfuerit,

104 3774 184 3827 quem
204 3757 390 3812 defensionem
407 3758 599 3828 habebimur?
641 3777 702 3810 mox
722 3757 850 3810 Chnidius
871 3757 995 3809 Basilium
1021 3759 1186 3826 promeritu-

105 3845 150 3880 rus
168 3830 241 3881 iutro
267 3846 420 3898 regressus,
436 3830 595 3882 Michaelem
621 3829 747 3900 praecisis
770 3829 892 3880 manibus
920 3827 955 3880 de
972 3824 1072 3880 Basilio
1089 3829 1186 3882 misere

105 3908 316 3969 conquerentem
343 3908 372 3954 et
391 3901 421 3954 in
439 3902 509 3954 ieoto
528 3903 660 3954 iacentem
678 3901 788 3968 reperit,
809 3909 837 3952 et
854 3899 1003 3951 districtum
1021 3897 1137 3966 gladium
1156 3900 1187 3952 ise

104 3969 274 4040 imperatoris
294 3988 340 4024 cor
356 3971 500 4024 crudeliter
518 3971 617 4039 adegit,
644 3979 671 4024 et
692 3972 819 4022 intestina
838 3967 894 4022 eius
912 3967 1034 4036 discidit,
1051 3987 1187 4026 reversus-

105 4057 159 4110 que
177 4039 212 4092 od
232 4039 361 4095 Basilium
378 4042 552 4112 gloriabatur,
570 4043 646 4112 quasi
666 4041 769 4094 sueinus
787 4042 921 4111 egregium
939 4049 1078 4110 patrasset.
1115 4049 1186 4094 tem-

97 4119 204 4182 pestate
223 4119 314 4166 nutem
332 4113 363 4168 in
384 4115 451 4168 mari
471 4123 570 4180 exorta,
589 4131 644 4168 uua
661 4113 852 4169 couvenientes
882 4111 916 4164 nd
936 4111 1043 4178 fretum,
1060 4111 1184 4184 illudque
