2736 4624
190 251 240 328 46
492 233 661 346 [moute
689 217 975 346 calumum]

191 417 246 481 ἐπί
263 411 377 479 τοῦτου
400 409 523 493 Δανιήλ
552 411 597 486 είς
625 407 679 474 τόν
708 407 820 474 λάκκον
847 410 1036 492 ἐμβάλλεται
1055 412 1116 475 τῶν
1135 409 1299 496 λεόντων,

191 513 247 580 καί
265 514 365 596 μηδέν
392 509 445 574 ὑπ’
474 511 580 574 αδτιῦν
605 508 718 574 παθών
749 503 918 592 ἑβδομαῖος
943 507 1005 572 ῦπό
1039 512 1096 573 τοῦ
1121 514 1298 591 βασιλέως

192 615 363 695 ἀνιμᾶται,
394 613 450 675 καί
467 611 529 675 sois
548 602 734 690 ἑβδομάδων
764 607 850 695 αότῷ
869 605 903 672 τό
924 605 1099 692 μυστήρων
1118 609 1297 676 clamat&-

191 735 311 778 πτεται.
353 707 409 774 κατ’
426 707 461 774 εἴ
475 732 522 785 τις
544 707 683 792 άκριβιῦς
711 707 773 772 scis
792 702 979 788 ἑβδομάδων
998 705 1144 784 ἐξετάσαι
1163 714 1295 794 βουλη-

192 808 264 898 θείη
283 810 338 878 τόν
359 807 525 891 λόγονκαὶ
544 803 820 892 διαριθμήσασθαι
840 806 916 882 τοῦς
935 807 1079 894 χρόνους,
1102 809 1326 890 α’ρξάμενυςῑ,

193 911 254 978 άπδ
277 909 387 990 ἐξόδου
408 907 500 991 λόγου
522 905 597 972 κατά
619 906 674 971 τόν
688 906 850 992 προφήτην
869 909 928 971 τοῦ
951 907 1195 992 οἰκοδομηθῆναι
1214 908 1293 976 ‘Ie-

193 1007 367 1095 ρσυσαλήμ,
388 1013 550 1074 τουτέστιν
577 1003 639 1070 oleo*
664 1011 804 1088 Νεεμίου
832 1002 906 1070 υἱοῦ
927 1008 1057 1092 Ἀχιλῆ,
1076 1011 1133 1072 τοῦ
1151 1008 1294 1092 α’ρχιοι-

193 1108 308 1193 νοχόσυ
326 1110 547 1192 Ἀρταξέρξου,
568 1101 603 1182 ῦς
623 1104 761 1195 ρῖξιτόσας
779 1108 835 1170 καί
853 1106 1036 1190 ἐπιτραπεὶς
1057 1099 1177 1172 ἄνεισιν
1198 1110 1292 1172 οἰκο-

195 1206 342 1291 δομήσων
373 1203 412 1272 τά
438 1201 668 1288 Ἱεροσόλυμα,
701 1199 829 1290 εῦρήσει
859 1203 918 1279 τάς
940 1203 964 1266 o'
983 1211 1293 1290 συμπερωουμένας

194 1305 392 1392 ἑβδομάδας,
419 1305 561 1370 τουτέστι
589 1302 774 1389 τετρακόσια
802 1305 983 1390 ἐνενήκοντα
1012 1303 1066 1370 ἐντί
1091 1302 1146 1370 τόν
1167 1302 1290 1388 καιρόν
1302 1325 1345 1376 ιο

195 1410 329 1490 ἐκεῖνον,
350 1400 402 1470 ὅτε
418 1407 623 1470 ,παλαιοῦται
653 1401 689 1467 τό
724 1399 927 1486 παράπτωμα
958 1402 1012 1466 κατ’
1042 1409 1240 1468 συντελεῖται
1265 1403 1287 1488 ἡ

196 1503 339 1591 ἁμαρτία
358 1503 413 1568 καί
430 1504 641 1588 σφραγίζεται
663 1497 771 1585 όραμα
798 1501 853 1566 καί
872 1499 1064 1587 προφητεύει
1085 1505 1140 1568 κατ’
1155 1508 1290 1587 χρίεται

196 1601 272 1688 άγια
295 1605 411 1688 άγίων,
443 1604 603 1666 τουτέστιν
632 1602 686 1665 ἐπί
705 1601 760 1684 τήν
780 1604 839 1665 τοῦ
866 1603 1010 1686 Χριστοῦ
1029 1602 1205 1685 παρουσίαν
1228 1602 1290 1668 κατ’

195 1703 254 1788 τήν
274 1700 385 1786 λοιπήν
406 1706 631 1786 πραγματείαν.

279 1805 391 1884 Κῦρος
411 1799 428 1866 ό
447 1803 578 1885 Πέρσης
596 1803 773 1874 καταλύσας
801 1797 859 1884 τήν
878 1797 1004 1884 Μήδων
1023 1801 1078 1866 καί
1096 1801 1287 1888 Ἀσσυρίων
1298 1825 1341 1878 15

198 1901 397 1981 δυναστείαν,
419 1896 576 1983 κρατήσας
598 1921 631 1966 τε
650 1901 705 1982 τῆς
721 1898 838 1974 Ἀσίας
860 1898 992 1986 διιείσης,
1012 1904 1215 1982 έβασιλευσεν
1229 1898 1287 1986 ἐτη

196 2000 255 2066 λα’.
297 2001 408 2065 τοῦτου
429 2003 472 2085 τῷ
493 1997 606 2086 πράσῳ
628 1997 765 2087 ένιαυτηῖ
783 1995 1070 2085 ἑβδομηκονταετής
1088 1999 1205 2087 χρόνος
1227 2002 1287 2082 τῆς

195 2101 394 2182 μετοικεσίας
423 2098 673 2183 συμπληροῦσαι.
721 2102 754 2163 ἐν
774 2100 810 2162 δέ
829 2099 873 2186 τῷ
892 2099 1054 2188 ἐρχομένην
1072 2096 1136 2164 ἔτει
1156 2121 1287 2183 συγχω-

196 2207 251 2283 ρεῖ
268 2197 341 2274 τοῦς
370 2199 566 2278 δυναμένους
597 2201 660 2263 τῶν
679 2196 834 2281 Ἑβραίων
862 2196 990 2277 οἰκίζειν
1020 2194 1212 2276 ἀνελθόντας
1243 2197 1284 2264 τά

193 2297 424 2382 Ἰεροσόλυμα,
448 2300 503 2361 κατ’
524 2297 579 2362 τόν
596 2295 671 2362 ναόν
698 2297 983 2381 δνοικοδομηθήναι
1002 2301 1184 2378 προσέταξε.
1226 2298 1336 2381 τῆςρο

197 2399 233 2464 δέ
254 2393 408 2464 ἐπανόδου
428 2395 529 2480 ήγεΐτο
548 2396 676 2479 Ἰησοῦς
697 2396 714 2459 δ
735 2400 793 2461 τοῦ
815 2396 963 2464 Ἰωσεδὲκ
982 2398 1081 2480 μέγας
1100 2394 1205 2482 ίερεῦς
1228 2396 1286 2460 κατ’

196 2494 382 2583 Ζοροβάβελ
403 2496 420 2560 ό
440 2498 497 2562 τοῦ
520 2499 702 2579 Σαλαθιήλ,
732 2499 787 2561 καί
814 2496 1030 2580 προεφήτευον
1054 2489 1208 2580 Ἀγγαῖος
1229 2494 1285 2560 καί

269 2681 310 2732 17.
328 2680 415 2753 τούτῳ
433 2681 453 2733 G

198 2833 243 2886 hic
262 2833 356 2885 Darius
376 2833 468 2884 Asueri
484 2832 556 2884 filius
574 2834 621 2903 qui
639 2833 827 2884 nominabatur
840 2835 976 2901 Astyages,
995 2833 1115 2902 regnarit
1134 2833 1166 2884 17
1185 2849 1278 2887 annos.

199 2903 251 2957 sub
271 2919 304 2956 eo
321 2903 421 2955 Daniel
438 2904 466 2956 in
488 2904 592 2954 foveam
615 2901 723 2955 leonur'n
748 2904 885 2956 coniectus
906 2913 956 2967 est,
976 2919 992 2954 a
1012 2904 1111 2974 quibus
1129 2903 1199 2956 nihil
1216 2921 1279 2974 per-

199 2991 293 3046 pessus
313 2975 426 3043 septimo
447 2973 491 3024 <lie
517 2989 533 3024 a
558 2989 620 3042 rege
649 2991 752 3026 sursum
780 2983 880 3026 tractus
897 2981 947 3026 est·
982 2983 1065 3046 atque
1082 2973 1279 3030 hebdomadum

200 3045 354 3114 mysterium
381 3045 406 3094 ei
426 3043 571 3096 revelatum
601 3051 658 3109 est,
679 3053 707 3096 et
733 3045 837 3116 siquis
864 3043 1008 3114 diligenter
1026 3046 1156 3097 rationem
1174 3045 1278 3098 hebdo-

200 3117 308 3170 madum
325 3124 479 3183 computare
496 3115 561 3168 velit
579 3123 606 3166 et
623 3123 742 3184 tempora
758 3131 906 3180 numerare,
925 3117 1057 3185 incipieus
1074 3115 1109 3168 sb
1127 3116 1211 3180 exitu,
1224 3134 1276 3187 quo

200 3186 347 3242 secundum
371 3185 529 3254 prophetam
556 3185 696 3238 aedificata
726 3194 790 3238 suut
816 3187 997 3254 Hierosolymo
1024 3189 1041 3242 i.
1064 3203 1088 3238 o.
1116 3201 1132 3237 a
1160 3189 1277 3252 Noomin,

200 3257 301 3312 Aolrele
327 3257 405 3318 titio,
427 3257 577 3308 Artaxerxis
603 3257 691 3325 primo
718 3257 892 3326 pocillatore,
918 3259 965 3327 qui
988 3274 1035 3308 sua
1062 3265 1158 3327 sponte
1175 3267 1277 3311 etcum

200 3327 1144 3451 ¹¹tttt”r;tit,tttf‘⁰tt⁸„t⁸²’attollitelitttttt:
1157 3329 1278 3452 {itta

200 3417 317 3540 rumpas,
336 3483 390 3588 eppo
410 3467 516 3519 deletur
533 3413 689 3536 peccaturg,
707 3477 735 3520 et
753 3433 967 3531 vi’tium‘finitue
985 3415 1124 3540 visumq‘lre
1144 3470 1278 3540 probatur,

201 3559 256 3610 quo
275 3555 342 3611 prop
363 3547 420 3591 etat
448 3547 476 3590 et
501 3539 610 3606 ungitur
635 3548 742 3591 sanctus
758 3547 919 3602 sauctorum,
948 3541 968 3591 i.
987 3556 1009 3592 e.
1028 3557 1112 3610 usque
1130 3540 1165 3592 ad
1183 3540 1278 3594 Christi

201 3612 382 3682 praesentiam
401 3617 429 3660 et
448 3609 550 3678 reliqua
564 3609 642 3660 lacta.
1081 3633 1090 3650 .

272 3685 356 3749 Cyrus
376 3682 453 3733 Persa
478 3696 569 3730 everso
595 3677 735 3732 Medorum
762 3686 789 3730 et
816 3680 979 3746 Assyriorum
1004 3681 1117 3749 imperio
1143 3689 1201 3734 toto
1217 3682 1277 3734 Asia

201 3753 304 3820 potitus
322 3769 405 3804 annos
423 3749 457 3802 31
485 3750 611 3817 regnavit.
655 3748 733 3800 liuius
763 3749 848 3818 primo
877 3767 947 3802 auno
965 3760 1070 3820 tempus
1098 3751 1131 3804 to
1150 3767 1277 3805 annorum

203 3823 366 3890 captivitatis
384 3821 546 3889 completum
564 3829 612 3872 est.
632 3819 794 3888 procedente
813 3837 883 3872 anno
902 3823 934 3872 ils
955 3823 1134 3874 Hebraeorum
1152 3825 1199 3892 qui
1217 3839 1278 3892 pos-

202 3901 271 3952 sent,
289 3895 409 3961 permisit
421 3891 506 3954 abire‚
525 3900 552 3943 et
563 3891 745 3956 Hierosolymo
759 3891 876 3942 incolere
894 3901 922 3942 et
936 3893 1065 3960 templum
1082 3895 1221 3946 restituero
1233 3912 1277 3948 eos

203 3963 289 4013 iussit.
311 3962 387 4014 duxit
400 3964 531 4016 israelitas
546 3961 688 4013 redeuutes
705 3963 787 4024 lesus,
805 3961 918 4012 losedek
938 3963 1018 4025 filius,
1037 3979 1147 4032 maguus
1160 3965 1277 4017 sacerdos

204 4040 233 4082 et
252 4032 418 4098 Zorobabel,
443 4032 573 4086 Salatlriel
591 4033 663 4083 filius
690 4041 718 4084 et
741 4031 936 4101 prophetarunt
953 4034 1075 4103 Augaeus
1093 4043 1122 4086 et
1136 4035 1276 4101 Zacharias,

204 4101 282 4158 Addo
300 4103 381 4165 filius.
418 4121 500 4175 quum
520 4119 582 4160 vero
600 4103 629 4167 ii,
647 4103 693 4174 qui
713 4119 774 4156 curn
795 4105 855 4156 lesu
880 4103 996 4175 proleoti
1014 4113 1090 4158 erent
1107 4107 1202 4178 templi
1219 4107 1276 4161 luu-
