2750 4602
216 217 290 290 526
477 227 533 292 Ao
561 229 725 294 LEONEM
755 229 1062 298 GRAMMATICUM

299 375 341 442 98
382 376 510 444 καὶτὸν
528 375 600 464 oiri?
621 380 719 465 αὐτῆς
740 383 917 469 ΣτέφανονΙ
938 388 982 448 sic
1004 387 1096 450 etiam
1119 387 1184 450 atii.

299 485 340 550 99
382 483 453 551 rint
471 489 662 568 στέμματος]
687 491 806 554 addunt
836 496 886 556 atii
909 487 954 568 ric
976 515 1067 576 φασι,
1093 505 1225 558 utrem
1249 499 1314 560 soiu

220 570 305 656 vulgi
326 572 407 633 forne
427 580 534 636 notem
553 573 716 658 minusque
735 577 925 660 exploratam
949 580 1130 656 ostendant,

301 685 359 750 100
402 689 441 754 de
462 691 689 768 Pntziouoibus,
709 715 866 780 quamque
879 717 989 758 eorum
1010 697 1140 758 societas
1161 717 1181 757 c
1198 696 1315 757 relto.

216 777 327 872 mnu
344 773 448 854 foret,
483 773 549 858 ipse
578 775 683 838 moltis
720 777 938 842 Constantinus
977 779 1016 842 de
1051 779 1314 842 Administreudo

217 877 361 942 imperio.

302 961 358 1026 101
405 963 499 1028 hebet
520 967 681 1034 Cedrenns
712 961 792 1048 πρὸς
827 967 871 1030 rui
898 963 1048 1050 Ἀχελαὶω
1069 967 1244 1054 φρονρίφε
1282 991 1314 1032 er

217 1071 280 1134 qno
303 1049 396 1110 etiem
421 1049 560 1113 Ortetius
590 1053 647 1114 sibi
671 1050 822 1135 oppidum
852 1033 929 1116 ‘facit
959 1055 990 1114 in
1012 1029 1169 1136 liutgario.
1216 1055 1315 1114 Leoni

218 1132 373 1195 consentit
399 1136 596 1198 Annorum:
627 1157 663 1198 ex
701 1137 810 1220 quibus
839 1143 970 1220 totaque
1001 1139 1081 1199 serie
1108 1138 1315 1220 corrigendus
1349 1135 1350 1140 ’

218 1217 390 1295 Cedrenns,
412 1217 468 1300 qui
489 1155 570 1282 inne
593 1219 711 1282 eiudem
735 1241 798 1280 non
812 1221 1031 1282 Ror'nnnornm
1054 1221 1147 1282 babet
1168 1221 1224 1284 scd
1241 1223 1315 1281 out-

217 1321 390 1384 grrornmr
414 1299 578 1381 retrorsus
595 1300 671 1366 κατὰ
694 1300 808 1384 κράτος
829 1297 861 1364 oi
881 1301 1070 1384 Borityopor.
1127 1313 1218 1368 certe
1236 1297 1314 1368 ‘Po-

218 1391 318 1462 μαῖον,
341 1405 480 1468 qnorum
500 1394 532 1447 et
553 1385 617 1470 ipse
636 1398 771 1470 stragem
795 1389 1011 1470 prosequitur.

304 1489 362 1554 109
404 1513 439 1556 cx
463 1497 626 1579 Anonymo
650 1505 681 1557 et
695 1495 838 1558 Cedreno
858 1517 915 1578 sup
941 1493 1064 1558 lendum
1086 1515 1123 1556 rc
1143 1497 1315 1558 emendan-

219 1571 306 1636 dum.
342 1569 514 1656 Ῥωμανοῦ
542 1572 719 1658 γεγονότος,
754 1573 862 1658 ἐπειδὴ
886 1599 902 1638 o
926 1599 977 1652 τος
1009 1575 1109 1642 triow
1129 1579 1188 1640 rori
1207 1603 1313 1658 παρα-

218 1661 414 1738 κοιμωμένον
444 1659 686 1724 Κωνστνννίνου
718 1659 900 1742 περιπατῶν
933 1659 1114 1748 ἀνήρπασεν
1146 1658 1252 1724 αὐτὸν
1275 1695 1311 1708 -

219 1735 390 1825 ἐφώνησεν,
410 1745 621 1826 παραχρῆμα.

303 1863 361 1928 103
403 1861 438 1928 τὰ
464 1863 525 1948 γὰρ
549 1858 624 1948 ἆγον
646 1861 730 1948 εἶχεν
751 1865 862 1946 αὐτόν]
884 1871 1062 1967 Anoupmus
1083 1861 1180 1952 ἧγενε
1206 1871 1312 1932 mutim

218 1937 303 2028 ὄνος,
322 1961 359 2012 ut
378 1973 487 2012 vocem
509 1942 593 2032 εἶχεν
626 1955 828 2028 retineamus,
853 1975 910 2016 nec
932 1975 1014 2016 emm
1038 1957 1081 2015 ite
1100 1951 1135 2015 ri
1157 1945 1235 2034 ἄγον
1255 1964 1310 2014 eut

217 2029 254 2092 τὸ
278 2027 378 2112 dysin,
403 2034 490 2118 quod
525 2037 667 2098 emendat
695 2039 871 2181 intepprcs,
904 2038 975 2100 sutis
1006 2037 1173 2122 congruit:
1202 2048 1238 2098 ut
1258 2039 1307 2116 sit,

217 2135 285 2176 eum
305 2119 386 2178 enim
407 2117 523 2180 terrebat
550 2122 597 2180 rei
615 2121 741 2204 religio,
788 2121 945 2184 eterrebat
970 2121 1086 2204 pinculi
1109 2121 1307 2196 couscientia,

220 2199 306 2282 quod
329 2199 372 2262 sic
392 2221 503 2284 nempe
524 2205 555 2264 iu
578 2205 680 2264 uniam
703 2205 903 2288 irrumperet.
945 2203 1307 2288 explicutCedreoosvix

219 2303 236 2342 a
269 2283 331 2346 suis
364 2285 500 2366 potuisse
521 2287 602 2370 adigi
635 2299 754 2350 utrem
776 2297 950 2368 praestaret
981 2311 1017 2352 uc
1038 2289 1077 2350 nd
1099 2287 1305 2350 Bucoleoncm

219 2385 290 2430 curn
311 2369 406 2430 ctusse
430 2369 600 2432 accederet.
642 2371 687 2432 sin
709 2368 742 2434 τὸ
760 2363 833 2454 ἦγεν
853 2375 982 2455 placent,
1003 2375 1045 2434 sic
1067 2389 1237 2452 erponem:
1258 2373 1308 2454 qni

219 2453 411 2534 retegitur
440 2453 633 2531 moderatur,
659 2477 727 2518 cnm
747 2457 908 2533 incttabat5
929 2456 1062 2540 urgebat
1068 2457 1190 2534 saturn,
1211 2468 1244 2514 nt
1265 2457 1304 2514 itr

219 2533 259 2595 nd
277 2537 517 2618 imperatorium
542 2539 660 2620 apicem
674 2538 926 2620 proveheretur3
949 2539 1034 2624 quod
1049 2561 1106 2602 nec
1126 2539 1228 2622 ipsum
1247 2538 1304 2598 dis-

217 2629 308 2679 sonet
329 2619 368 2680 sb
391 2618 441 2680 ilia
467 2621 530 2682 eius
552 2625 751 2684 cunctatione
771 2643 807 2683 ec
829 2621 1047 2706 trepidatione,
1069 2645 1164 2707 quem
1185 2621 1234 2684 dei
1254 2620 1305 2682 de·

219 2709 308 2764 creto
329 2713 522 2787 perurgente
542 2704 583 2766 its
602 2705 733 2768 consilio
755 2707 962 2788 superaverit.

303 2817 362 2879 104
402 2817 590 2898 Ἀδνουμνόυ
609 2821 788 2906 γενομένου]
802 2824 896 2902 fincta
912 2823 1041 2884 militum
1062 2823 1244 2884 recensione.
1265 2831 1307 2882 est

219 2899 311 2982 enirn,
338 2903 441 2988 inquit
459 2905 578 2983 Suides,
602 2901 773 2989 ἀπογραφὴ
795 2903 959 2984 ὀνομάτων
982 2901 1070 2984 παρὰ
1088 2899 1271 2982 Ῥωμαίοις.

303 3025 362 3090 105
403 3019 607 3110 ἓβδομάριον]
638 3031 793 3094 minorem
820 3029 902 3092 dicus
933 3031 1171 3094 cubicularium.
1222 3036 1307 3092 erant

221 3107 304 3170 enim
334 3110 529 3174 hebdomarii
561 3115 684 3176 iuvenes
705 3115 931 3197 septimanetim
964 3115 1108 3176 cubiculo
1132 3113 1306 3184 servientes,

146 3203 150 3208 '
220 3192 331 3273 quibus
363 3204 533 3276 praeerant
564 3191 594 3258 oi
621 3203 802 3260 κοινωνῖται
830 3220 884 3261 sen
919 3193 1196 3276 κουβικουλᾰριοι,
1223 3187 1306 3256 hisi

122 3329 126 3338 .
220 3277 477 3359 προναθημένοζι
499 3280 644 3362 superior
659 3281 800 3344 omnibus
816 3291 883 3345 erut
904 3275 1225 3362 ὄπαρακονμαὶμενος.
1246 3299 1308 3362 qun

221 3357 260 3421 de
282 3381 317 3422 re
341 3361 422 3424 bene
443 3363 595 3426 Meursins
616 3385 652 3426 ex
674 3365 796 3427 Codino
819 3367 949 3450 ipsoque
972 3367 1185 3427 Constantino.

308 3481 366 3546 1⁰6
406 3481 487 3564 μετὰ
507 3481 565 3566 τὴν
584 3487 641 3549 rori
660 3486 875 3572 Ἀδρελαστοῦ
894 3483 1056 3572 τελευτήν]
1078 3491 1307 3572 prosequuntur

223 3566 406 3652 Anonymus
422 3579 454 3632 et
476 3570 633 3634 Cedrenns
656 3595 736 3656 quse
755 3582 897 3656 spectant
915 3573 953 3634 cd
965 3573 1160 3647 Bononiam,
1182 3590 1218 3630 ex
1238 3569 1307 3651 qui-

221 3649 277 3712 hus
298 3653 458 3716 sarciendo
478 3663 568 3716 erunt
591 3677 670 3740 quse
693 3657 813 3720 librarii
839 3657 1035 3720 festinatione
1056 3655 1167 3718 desunt
1187 3657 1217 3716 in
1230 3655 1306 3714 Leo-

223 3734 268 3795 nis
290 3736 360 3797 cod.
380 3738 487 3821 Regio.

307 3843 364 3904 107
406 3841 442 3908 τὸ
466 3841 691 3928 τοποτηρῆτην]
719 3848 795 3910 mihi
826 3857 1018 3930 suspectum,
1052 3847 1221 3930 urniimqne
1243 3867 1308 3907 cnm

223 3923 365 3987 Cedreno
386 3923 613 4009 ταγματάρχην
643 3935 698 4010 qui
715 3933 847 3996 tribunus
879 3947 963 4008 esset,
985 3953 1047 3993 non
1073 3933 1126 4014 qni
1148 3930 1244 3992 Potbi
1268 3929 1308 3988 ri·

223 4009 340 4104 corius:
391 4011 482 4076 huius
510 4011 603 4076 Pothi
624 4033 695 4076 cum
727 4016 817 4080 laude
836 4016 977 4080 meminit
995 4025 1109 4079 auctor
1129 4015 1213 4078 ritae
1234 4017 1306 4076 Luc.

224 4100 365 4159 iunioris.
