2736 4624
204 1157 674 1255 IMMANUELIS
715 1155 1030 1252 BEKKERI

398 1377 427 1450 r
451 1377 481 1450 n
506 1376 533 1448 t
558 1376 586 1449 n
610 1374 634 1447 r
659 1373 688 1448 t
711 1375 776 1449 rr
802 1376 847 1449 o.
887 1397 892 1412 ·

531 1596 713 1606 -n———n--ua

89 1769 225 1864 Leonis
249 1789 475 1890 grammatici
499 1803 641 1889 partem
666 1813 746 1866 cem
781 1815 876 1890 quac
908 1815 990 1889 ep.
1006 1795 1078 1864 207
1115 1787 1162 1862 ad

89 1949 148 2018 331
174 1947 351 2044 pertinet,
374 1945 626 2044 postGonrnm
635 1943 875 2021 Combefieiuo
891 1945 1018 2042 edidit,
1041 1947 1163 2020 Theo·

88 2093 207 2188 phanio
239 2093 298 2166 eui
321 2118 359 2191 p.
376 2089 586 2170 443-510.
643 2095 792 2168 alteram
820 2120 937 2194 nuper
962 2094 1162 2170 admodum

90 2239 111 2310 l.
133 2239 171 2314 t.
198 2239 392 2316 Cramenrs
420 2242 574 2339 adiecit,
593 2241 865 2316 Aneodotorum
899 2243 1118 2318 Graecorum
1143 2269 1163 2316 e

88 2387 271 2464 codicibus
295 2393 547 2491 manuscriptis
570 2393 815 2466 bibliothecae
829 2393 959 2492 Regiae
983 2393 1163 2468 Parisien·

89 2535 130 2608 sis
151 2544 175 2612 2
195 2534 461 2638 peta—379.
488 2541 553 2638 qui
578 2541 629 2614 itn
652 2539 830 2638 praefatus
855 2553 919 2614 est.

278 2689 379 2762 Hanc
402 2687 586 2788 Anonymi
618 2685 968 2789 chronographiam,
1000 2715 1110 2788 qunm
1144 2717 1165 2762 c

283 2834 411 2910 codice
452 2832 526 2910 854
558 2837 581 2910 i.
618 2841 692 2912 328
725 2863 755 2912 r.
787 2835 1024 2938 deprompsi,
1054 2837 1167 2912 Leoni

280 2985 516 3082 grammatico
549 2983 679 3060 tribuit
701 2986 854 3085 catalogi
877 2985 1080 3080 consector,
1103 2985 1169 3057 sed

282 3155 496 3230 perperam,
528 3131 658 3208 credo:
690 3158 776 3206 nam
814 3157 858 3208 cn
888 3147 991 3232 parte
1027 3147 1168 3208 tantum

284 3279 405 3378 operis
421 3305 560 3354 nomen
571 3281 703 3355 Leonis
721 3295 910 3382 comparet
934 3307 1029 3382 quae
1044 3283 1179 3382 eequi-·

280 3439 340 3500 tur
353 3439 520 3525 tempora
547 3453 705 3528 quorum
721 3431 867 3504 annales
884 3431 1039 3505 coniecit
1049 3430 1170 3504 Theo·

284 3574 585 3672 phnnce,etheeo
597 3579 682 3651 satis
700 3593 905 3678 congruunt
922 3603 1005 3672 cum
1023 3579 1066 3652 iis
1077 3603 1172 3677 quae

283 3721 351 3794 cub
377 3723 453 3798 ciue
465 3723 596 3798 Leonis
619 3727 769 3800 nominc
794 3728 833 3800 in
843 3725 1004 3826 Corpore
1028 3727 1172 3826 Byzant.

283 3869 413 3969 Script
437 3873 577 3972 vrdgnta
601 3877 695 3948 sunt.
756 3875 829 3948 hoc
854 3876 1056 3949 chronicon
1081 3877 1173 3948 mihi

286 4015 430 4094 videtur
454 4043 531 4094 csse
556 4021 774 4100 coniectum,
794 4047 836 4094 cx
859 4023 964 4096 variis
987 4025 1174 4120 scriptori-

286 4165 369 4260 bus,
385 4163 564 4263 Cedreno,
580 4169 718 4245 loannc
730 4169 973 4266 Antiocheno,
998 4171 1174 4244 chronico
