2778 4616
449 292 815 364 cuuouooorerul.
1093 269 1165 362 ιιι

84 446 320 531 παρέπεμψαν·
361 448 602 514 Κανστοντΐνον
625 452 660 514 δὲ
679 449 801 515 τὸντοῦ
815 447 1003 532 Εδλαμπίον
1024 445 1096 514 υἱὸν
1117 451 1172 514 καί

84 543 215 630 ἑτέρους
235 541 296 611 σδν
317 543 404 632 αδτρῖ
416 546 576 622 Φιλόθεος,
590 542 733 633 ὕπαρχος
749 549 783 614 ἒν
797 550 836 635 τῇ
852 549 909 615 sori
926 546 1055 614 ἱππικοῦ
1074 543 1172 634 σηεν-

86 643 165 732 δδνη
197 645 282 729 ξίφει
310 644 477 726 ἀπέτεμεν.
534 647 574 712 οδ
604 649 725 733 μικροῖς
746 650 782 714 δὲ
803 645 1079 733 διερευνησάμενοι
1098 648 1174 730 περὶ

87 741 212 826 Νικὴτα
243 743 414 828 δσηκρῆτις
442 742 498 808 καί
523 749 765 812 Κωνσταντίνου
794 747 981 828 τοῦΛεβός
1003 736 1184 830 eriz-eripete*

58 843 221 920 5αδτοδς,
256 839 299 920 ὥς
318 848 538 928 χρησαμένους
559 849 662 932 φυγῇ·
684 845 735 910 τὸν
763 849 799 911 δὲ
820 849 956 930 Αίχίδην
984 849 1099 910 ἐκεῖνον
1120 848 1174 908 καί

87 943 163 1016 roric
185 941 244 1008 σδν
275 944 359 1030 stirpi
380 942 515 1021 πολλοὺς
548 945 603 1009 καί
623 943 787 1030 ἀνδρείους
818 939 905 1023 ὅντες
925 943 987 1010 οἶπὸ
1008 971 1043 1012 τε
1066 949 1121 1030 τῆς
1141 948 1174 1026 ess

86 1039 292 1124 Χρυσοπόλει
314 1037 478 1123 δαμάλεως
499 1046 554 1108 καί
571 1044 668 1130 μέχρι
687 1047 743 1110 τοδ
762 1043 930 1112 Λευκοὶιοο
958 1045 1102 1125 διδύμοις
1122 1041 1174 1121 §ri-
1183 1059 1210 1110 P.
1221 1053 1273 1110 490

87 1147 156 1216 λοις
175 1137 294 1217 πάντας
314 1141 566 1208 α’νεσκολόπισεν.
615 1146 671 1209 καί
690 1144 827 1219 πολλοὺς
849 1138 987 1229 ἇνηλεῶς
1007 1148 1062 1209 καί
1082 1144 1174 1208 τίνοι.
1183 1153 1216 1206 97
1340 1159 1345 1167 ’

87 1243 164 1314 τίεις
185 1239 214 1304 oi
227 1236 384 1322 λεγόμενοι
403 1233 489 1306 οδτοι
503 1245 665 1325 ἐπίτροποι
681 1243 873 1325 ἀπέκτειναν,
897 1247 926 1307 εί
944 1243 987 1326 μή
1009 1265 1093 1318 τινες
1112 1247 1175 1308 τῶν

42 1352 79 1405 10
89 1341 247 1404 δικασταῖν
274 1341 331 1424 τῆς
363 1341 471 1406 α’διλιου
500 1339 600 1426 δρμῆς
618 1341 834 1428 ἄνεχαίιισαν,
857 1343 994 1418 εἰπόντες
1015 1339 1094 1426 πρὸς
1116 1336 1176 1406 αδ-

87 1436 164 1514 τοδς
199 1435 243 1514 ric
275 1435 391 1514 παιδδς
420 1432 510 1516 ὄντος
543 1441 600 1506 ruri
621 1443 793 1525 βασιλέως,
815 1445 880 1517 nuic
904 1435 980 1507 ἄνευ
1002 1442 1055 1524 τῆς
1077 1443 1176 1505 ου’τοδ

87 1537 261 1614 κελεύσεοις
288 1540 420 1604 τοιαῦτα
450 1541 580 1622 τολμᾶτε
601 1538 877 1625 διαπράττεσθαι,·
906 1540 964 1624 τήν
983 1543 1039 1605 τοῦ
1063 1539 1176 1614 δουιιός

88 1629 148 1700 orio
166 1647 299 1720 γυναῖκα
320 1635 538 1723 τίποκειρανιες
560 1640 605 1715 εἷς
626 1637 681 1704 τόν
699 1636 956 1726 ἐνίλαφλαχονίρ
977 1633 1058 1704 οἶκον
1078 1631 1176 1722 αὐτῆς

88 1737 318 1818 ἐξαπέστειλαν,
339 1738 578 1821 εδνουχίοαντες
601 1736 656 1802 καί
680 1737 736 1803 τὸν
755 1735 826 1804 uiris
846 1739 958 1804 ου’τοδ.

45 1851 80 1904 15
172 1837 349 1925 Λδγοδσιιρ
369 1839 405 1903 δὲ
423 1840 502 1921 μηνί
512 1835 643 1918 Συμεών
662 1833 897 1922 δΒονλγορίας
916 1828 1024 1922 ἄρχων
1045 1839 1206 1919 &serpo-B

87 1936 205 2012 τείσας
228 1932 308 2000 κατὰ
327 1935 492 2018 Ῥωμαίων
511 1935 571 2002 οὐν
592 1929 675 2024 δχλρι
696 1943 795 2020 βαρεῖ
810 1942 980 2019 κατέλαβεν
1000 1935 1058 2020 τήν
1080 1941 1177 2002 llus·-
1290 2006 1295 2012 ,

87 2033 356 2122 σιοντινοδπολιν,
375 2035 430 2101 καί
450 2035 488 2121 δὴ
512 2041 720 2121 περικαθίσας
741 2037 839 2122 αι’τήν
858 2039 987 2120 χάρακα
1007 2041 1177 2118 περιέβαλ.

87 2141 142 2198 λεν
162 2133 226 2199 οἶπδ
241 2157 275 2202 τι
295 2139 488 2222 Βλαχερνιὸν
508 2136 563 2201 καί
576 2139 673 2218 μέχρι
694 2140 749 2220 τῆς
771 2139 936 2220 λεγομένης
955 2131 1071 2220 πόρτης
1083 2140 1177 2214 Χρυ.

88 2236 166 2318 σῆς,Δ
183 2237 237 2298 καί
256 2237 360 2302 ίλπίσι
381 2239 537 2321 μετέωρος
560 2231 606 2300 uir
625 2231 759 2320 ἆπονητί
778 2233 898 2310 πάντας
919 2229 1008 2299 ἑλεῖν.
1051 2235 1121 2298 ἐπεί
1140 2237 1176 2298 δὲ

44 2333 149 2417 torris
167 2355 200 2398 τε
222 2333 283 2400 τῶν
303 2339 416 2418 τειχῶν
429 2341 609 2418 κατέμαθεν
630 2335 806 2419 ὀχυρότητα
826 2331 882 2418 τήν
902 2357 936 2398 τε
960 2333 994 2399 ἐκ
1016 2339 1073 2398 rori
1096 2330 1176 2413 πλη.
1268 2393 1271 2406 ,

89 2429 234 2509 &socrui
243 2437 306 2499 sris
316 2433 511 2520 πετροβόλων
525 2429 711 2521 depiletur,
723 2437 785 2500 suiv
798 2432 932 2500 ἐλπίδων
943 2431 1075 2520 σφαλείς
1093 2433 1125 2495 ἐν
1134 2436 1177 2518 τῷ

160 2591 186 2645 5.
211 2593 334 2666 Αἰγίδην
354 2594 407 2646 add
427 2589 581 2664 Abonymur
598 2603 626 2648 et
645 2593 781 2657 Cedreuus

88 2751 197 2808 xerunt,
208 2751 235 2798 et
247 2744 281 2798 ad
291 2746 429 2800 Dalmatae
442 2748 633 2802 monasterium
646 2747 774 2800 abductos
787 2747 914 2817 supplicii
928 2762 960 2797 ac
970 2743 1173 2797 condemnatio-

89 2817 132 2868 nis
152 2817 261 2868 nomine
281 2817 341 2871 loco
361 2819 461 2872 celebri
474 2821 596 2871 lecerunt
612 2821 760 2871 inclusum:
779 2821 897 2870 Leonem
911 2834 973 2868 sero
987 2815 1174 2866 Catacalitaem

89 2893 119 2936 et
132 2887 287 2938 Abessalom
305 2889 415 2941 Arotrae
430 2890 515 2940 lilium
533 2899 687 2942 excaecatos
706 2891 734 2940 in
752 2891 861 2940 exilium
880 2889 1018 2939 miserunt.
1042 2887 1173 2936 Constan-

88 2956 176 3008 tinum
200 2967 292 3010 autem
319 2961 455 3030 Eulampii
481 2961 565 3012 filium
584 2969 611 3012 et
631 2963 688 3012 eius
709 2961 819 3011 comiter
847 2957 1004 3010 philotheus
1024 2955 1173 3024 proelectu'a

87 3027 124 3077 ad
142 3028 205 3079 cirri
226 3038 323 3082 metam
343 3031 432 3098 gladio
452 3030 630 3082 obtruncavit.
653 3049 707 3083 non
725 3031 830 3082 modica
849 3047 911 3082 vero
931 3029 965 3080 do
983 3030 1077 3080 Niceto
1096 3045 1110 3077 s
1130 3044 1173 3078 se-

88 3099 170 3150 cretis
196 3106 225 3151 et
242 3102 420 3153 Constantino
450 3103 517 3154 bibe
544 3103 740 3171 perquisitione
764 3103 851 3162 lacta,
870 3103 942 3171 ipsi.
962 3115 1012 3150 ceu
1041 3099 1102 3165 fuga
1121 3099 1172 3160 usi,

87 3169 246 3221 nullatenus
265 3174 364 3242 reperti
381 3180 451 3223 sunt.
474 3173 560 3241 ipsum
572 3183 662 3224 autem
680 3173 780 3224 multos
802 3188 844 3233 ue,
864 3173 985 3240 quicum
1004 3172 1062 3238 ipso
1086 3177 1170 3229 erant,

88 3239 172 3290 sortes
191 3242 262 3292 viros
280 3243 420 3306 aDamali,
439 3261 508 3313 quae
527 3251 567 3294 est
579 3191 877 3312 Chrysopoleosslocue
895 3241 1063 3292 adbocatum
1084 3255 1170 3306 usque

87 3309 203 3378 geminis
223 3312 302 3379 lignis
323 3314 379 3366 aive
397 3315 477 3366 furcis
504 3323 614 3367 cunctos
632 3315 846 3384 suspenderunt3
872 3312 1055 3382 plurimosque
1074 3307 1171 3360 crude·

90 3379 157 3430 liter
175 3389 204 3433 et
221 3382 280 3434 aine
300 3399 380 3442 caure
406 3384 451 3436 isti
470 3393 655 3455 procuratores
680 3385 809 3453 appellati
839 3384 899 3434 neci
917 3382 1099 3444 tradidissent,
1117 3380 1170 3430 nisi

88 3451 210 3502 iudicum
229 3452 337 3522 quidam
355 3455 477 3524 iniquum
494 3473 585 3508 eorum
604 3456 733 3524 impetum
755 3453 957 3515 cohibuissent,
976 3451 1096 3502 dicentes
1115 3450 1169 3500 illis

88 3529 167 3573 “cum
188 3521 276 3574 adhue
300 3525 445 3594 imperator
471 3527 541 3578 inter
568 3543 665 3594 pueros
689 3534 768 3594 agat,
789 3523 925 3595 quomodo
943 3523 1001 3574 rino
1021 3523 1078 3572 eius
1096 3519 1170 3569 iussu

87 3593 154 3644 talia
173 3601 279 3662 patrare
300 3596 506 3663 aggredimini?
550 3595 650 3648 deinde
668 3597 748 3648 Ducis
766 3611 885 3656 uxorem,
904 3592 1019 3645 caesaria
1037 3590 1169 3658 deposita,

88 3663 118 3714 in
139 3663 198 3716 eiua
216 3662 337 3729 domum,
367 3683 447 3735 quam
463 3667 492 3720 in
510 3667 691 3738 Paphlagonia
711 3665 878 3736 possidebat,
900 3665 956 3715 filio
975 3663 1032 3714 eius
1045 3658 1169 3714 virilibus

87 3735 164 3804 prius
186 3743 303 3800 exsecto,
320 3737 460 3790 miserunt.

159 3805 253 3858 Mense
272 3823 351 3876 porro
371 3811 489 3876 Augusto
508 3807 616 3860 Simeon
629 3805 769 3874 bulgariae
787 3805 912 3874 princeps
931 3801 1054 3853 adversus
1074 3803 1170 3852 Roma-

86 3890 147 3936 nos.
166 3887 318 3946 comparato
347 3879 465 3930 exercitu
490 3895 550 3929 cum
577 3875 750 3928 multitudiue
769 3875 859 3942 gravi,
877 3873 980 3941 Cpolim
1010 3873 1123 3940 appulit,
1143 3879 1172 3924 et

85 3946 161 3996 vallo
193 3963 208 3998 a
230 3949 382 4001 blachernis
405 3949 439 4000 ιδ
463 3957 567 4019 portam
586 3946 713 4013 Chrysam
739 3953 859 3996 vocatam
880 3941 1059 3995 circumducto
1079 3942 1171 3992 urbem

86 4015 216 4084 obsedit3
242 4019 347 4090 alisque
370 4022 428 4089 spei
446 4037 509 4072 suae
529 4021 557 4070 in
582 4018 697 4069 sublime
716 4017 801 4067 elatus
820 4013 990 4066 subacturum
1009 4031 1036 4064 ae
1057 4014 1168 4064 omnino

86 4087 165 4140 nollo
184 4087 278 4141 labore
297 4091 480 4158 promittebat.
500 4089 620 4160 probatis
638 4097 726 4140 autem
748 4088 774 4138 in
796 4085 935 4138 adversum
956 4085 1090 4136 moenium
1108 4101 1169 4134 mu-

86 4159 224 4224 nimentis,
245 4159 374 4234 urbisque
399 4179 432 4214 ex
450 4161 545 4233 populi
567 4161 644 4232 copia
666 4167 693 4212 et
709 4157 838 4212 machinis
856 4157 998 4211 securitate
1017 4171 1046 4208 ac
1064 4155 1170 4226 praesi-
