2776 4612
223 240 298 312 392
503 237 506 246 ’
639 245 892 312 ΕῑλὸΤΑΤΗΙῑλὸ

300 391 354 468 Ὡς
377 387 412 458 δὲ
436 391 493 477 την
522 396 583 458 τάν
606 397 718 460 Θοναῖν
746 396 801 458 κατ’
833 393 981 458 Barnun
1002 391 1059 474 γῆν
1076 388 1256 473 πιριελθοδν
1280 387 1323 474 ἧν

222 499 278 577 τῆς
296 493 359 558 τάν
378 489 567 576 Βεβράκων,
594 493 649 558 καί
676 492 751 574 περὶ
779 489 836 576 τὴν
863 491 1033 572 ἀντιπέραν
1061 493 1116 580 τῆς
1133 489 1321 572 μεγαλοπό-

224 601 302 668 λεως
323 589 518 675 Χαλκηδόνα
537 589 856 674 ἐστρατοπεδεάσατο,
880 583 920 673 ἦν
939 591 1000 669 μὲν
1016 585 1139 671 ἤκιστος
1160 588 1212 656 τὸν
1235 590 1321 653 λαάν

223 691 240 754 δ
266 691 355 776 ἀνήρ,
377 693 563 772 διασπείρας
585 693 620 754 δὲ
639 688 696 774 την
711 691 792 776 ἀμφ’
813 687 911 754 αάτὸν
925 687 1076 772 στρατιάν
1098 687 1179 769 πρὸς
1200 693 1319 774 τέχνην

222 795 276 856 καί
296 789 412 873 σκηνάς
433 791 608 874 πηξάμενος
635 793 669 856 ἐν
687 788 794 865 τόποις
814 789 957 871 καιρίοις,
988 786 1031 862 ἀς
1051 791 1224 869 φαίνεσθαι
1247 798 1342 850 ποι-5

222 891 383 954 κνοῦσθαί
398 912 431 954 τε
451 891 508 952 καί
530 893 650 972 πλῆθος
674 886 770 972 ἔχειν,
795 892 851 952 καί
871 887 908 952 τά
932 892 1025 952 πλοῖα
1049 889 1094 966 δι’,
1116 879 1162 962 οἷς
1182 891 1317 970 ἐνέβαλέ

222 1014 253 1054 τι
273 991 329 1054 τοῦ
350 991 599 1070 στρατιωτικοά,
621 987 697 1072 περί
714 987 753 1052 τά
775 995 840 1052 κατ’
864 984 1008 1069 αἰγιαλὸν
1028 988 1151 1069 βράχεα
1169 987 1224 1050 καί
1242 993 1319 1050 λοι-

222 1086 286 1162 πάς
304 1091 498 1161 θαλαττίους
518 1087 656 1169 ἀγκάλας
678 1090 788 1165 δεξιάς
808 1092 941 1170 μερίσας
962 1085 1018 1150 καί
1037 1085 1248 1168 καταστήσας,
1271 1085 1317 1158 ὥς

222 1185 267 1272 μὴ
286 1189 399 1271 σαφῶς
430 1189 660 1271 διαφαίνεσθαι
688 1181 739 1252 οἶά
759 1210 793 1252 τε
824 1190 880 1250 καί
902 1185 1004 1249 dadon
1031 1185 1143 1264 ἐκεῖνα,
1163 1181 1317 1266 τοιαάτην

223 1285 377 1350 σκάτωσιν
400 1281 521 1368 ἔπεμψε
543 1295 606 1360 τοῖς
617 1285 887 1370 μεγαλοπολίταις,
907 1291 973 1358 τοῖς
993 1306 1026 1348 τε
1045 1278 1151 1358 άλλοις
1172 1286 1230 1346 καί
1251 1284 1357 1350 ori-10

137 1431 142 1438 -
222 1393 287 1461 τοῖς
309 1382 347 1468 δη“
370 1393 433 1460 τοῖς
454 1383 533 1468 πρὸς
554 1387 669 1448 ἐκεῖνον
690 1386 924 1470 ἐχθραίνοοσιν,
945 1377 988 1458 ἀς
1009 1383 1112 1446 δοκεῖν
1132 1379 1189 1463 την
1202 1405 1238 1445 τε
1261 1405 1318 1445 πε.

223 1487 318 1566 ραίιιν
339 1483 397 1565 γῆν
423 1485 478 1546 κατ’
507 1480 583 1558 τσάς
615 1484 698 1569 αάτῇ
730 1487 987 1566 προσκοροῦντας
1013 1477 1174 1562 αἰγιαλοδς
1193 1484 1318 1562 πεπλῆ-

222 1587 313 1663 σθαι,
337 1580 396 1664 την
415 1585 473 1664 μὲν
494 1581 740 1664 στρατευμάτων
767 1584 1031 1664 πεποκνωμὲνων,
1052 1577 1110 1662 την
1132 1582 1168 1645 δὲ
1188 1583 1319 1661 συχνῶν

223 1681 378 1764 τριήρεσιν
402 1685 457 1744 καί
475 1676 589 1764 ἑτέρων
610 1687 743 1760 πλοίων,
776 1674 836 1744 ὅσα
866 1675 1011 1764 προμήκη
1040 1682 1257 1764 σκευωροάσιν
1282 1678 1318 1744 αλ

222 1778 300 1842 κατά
321 1779 488 1844 θάλασσαν
507 1783 659 1866 μηχαναί.
701 1784 757 1846 κατ’
776 1779 935 1860 είάθομεν
954 1778 1082 1862 ἀληθῶς
1104 1779 1140 1842 ἐν
1159 1775 1315 1854 τοιούτοις
1326 1793 1355 1844 15

222 1873 304 1946 οὕτω
325 1876 461 1959 πάσχειν
492 1876 521 1944 οἱ
551 1873 734 1964 ἅνθρωποι·
775 1876 976 1961 πληθάνομεν
1004 1875 1064 1960 γάρ
1087 1875 1130 1952 οδς
1151 1876 1190 1940 τά
1212 1875 1315 1943 πολλά

221 1979 277 2040 καί
296 1975 511 2059 μεγεθάνομεν
531 1975 553 2042 ἀ
571 1975 797 2062 θαυμάζομεν,
819 1969 872 2042 οἶα
891 1974 937 2060 μη
967 1976 1119 2059 ἀκριβοῦν
1141 1977 1316 2059 δυνάμενοι

223 2073 277 2138 διά
298 2072 334 2140 τά
359 2074 416 2158 την
436 2076 548 2160 ψοχην
569 2075 787 2160 σογκεχάσθαι
803 2083 867 2151 τοῖς
890 2077 1106 2160 ἐκπλήττουσι.

269 2179 418 2252 Τοιοῦτος
432 2167 489 2240 oda
502 2171 725 2257 δἈνδράνικος
739 2179 861 2263 φανείς,
875 2173 929 2240 καί
942 2173 958 2239 δ
971 2171 1071 2250 οδτως
1084 2177 1188 2257 ἀλίγος
1201 2178 1316 2258 μορίας

224 2275 408 2359 διακριθείς,
425 2277 590 2362 ἐφέλκεται
609 2273 661 2339 διά
681 2277 817 2360 βραχέος
830 2277 942 2358 καιροῦ
957 2275 1086 2356 πάντας,
1101 2281 1156 2340 καί
1167 2272 1224 2359 την
1239 2271 1352 2358 dinato

224 2373 316 2439 πάλιν
326 2373 468 2458 μετάγει,
486 2373 529 2450 ιδς
546 2369 647 2450 οδτοος
658 2379 766 2459 εἰπεῖν,
783 2373 863 2459 πρὸς
875 2369 997 2439 ἑαυτόν.
1018 2376 1072 2440 καί
1084 2375 1136 2438 ἵνα
1147 2371 1192 2456 μη
1207 2379 1315 2460 μακρᾷ

226 2477 373 2561 θαλάσση
398 2470 597 2558 διηγημάτων
619 2479 792 2561 ε’παφιόμεν
815 2471 849 2538 τδ
869 2476 925 2538 τοῦ
939 2470 1034 2556 λόγου
1046 2467 1175 2540 ἀκάτιον
1187 2473 1256 2536 ἀλλ’
1275 2471 1315 2547 ἀς

228 2569 282 2637 διά
305 2575 454 2656 πορθμοῦ
483 2569 791 2659 βραχοπορησωμεν,
812 2575 846 2637 ἐν
865 2574 982 2656 ἀκαρεῖ
998 2573 1105 2659 χρόνῳ
1126 2573 1314 2650 πλωΐζονται

301 2819 351 2872 Per
368 2821 524 2888 Thynorum
554 2832 581 2876 et
599 2823 771 2891 Bithynorum
791 2813 886 2876 teriam
909 2823 1158 2892 prosect11a‚qnum
1180 2821 1208 2871 in
1230 2819 1315 2888 regio-

228 2906 290 2942 nem
310 2889 516 2960 Bebryornaium
534 2896 706 2963 pervenisset,
726 2904 753 2947 et
773 2894 807 2946 ad
825 2895 918 2946 urbem
932 2893 1010 2962 Cpoli
1030 2893 1182 2961 opponitanr
1202 2891 1314 2942 Chalce-

228 2959 324 3012 donem
351 2971 435 3014 castra
455 2965 605 3032 poenieret,
622 2967 750 3036 qnoniam
765 2967 912 3018 exercitum
930 2964 1105 3034 perexiguum
1125 2960 1252 3024 habebat,
1270 2977 1315 3012 co-

229 3032 285 3100 piar
315 3032 414 3086 caliido
442 3033 580 3088 distribuit
610 3045 637 3088 et
656 3037 774 3088 tentoria
803 3037 876 3088 locie‘
895 3034 1000 3088 idoneis
1028 3035 1066 3086 ite
1093 3033 1255 3095 collocavit,
1286 3040 1315 3082 ut

229 3100 311 3152 deora
331 3111 359 3154 et
377 3103 470 3156 crebra
488 3123 546 3158 aare
563 3105 727 3170 riderentur,
747 3107 852 3175 navigia
870 3117 967 3167 autem,
986 3105 1119 3174 impositio
1142 3103 1248 3174 aliquot
1265 3103 1315 3152 mi-

228 3171 337 3236 litibur,
357 3191 405 3242 par
424 3175 490 3226 vada
517 3177 552 3228 ad
573 3177 637 3229 litua
666 3185 693 3228 et
708 3178 782 3228 rinna
803 3178 882 3229 marin
903 3178 1022 3246 reliquor
1042 3184 1104 3244 apte
1125 3173 1266 3243 disparuit,
1287 3181 1316 3224 ut

228 3259 355 3294 numeror
373 3261 464 3296 eornm
484 3255 511 3297 et
528 3246 685 3316 magnitudo
704 3249 793 3300 minue
812 3256 901 3318 poaret
925 3247 1048 3309 discerni,
1066 3252 1224 3315 tonumque
1245 3243 1316 3312 Βρο-

229 3313 321 3364 titanis
346 3331 428 3384 quum
455 3318 586 3388 reliquia,
604 3326 660 3370 tum
679 3335 743 3370 vero
767 3319 880 3370 inimicia
898 3320 953 3370 ruia
971 3317 1092 3370 fraudem
1114 3316 1194 3377 serit,
1215 3321 1246 3366 ut
1263 3321 1316 3366 ter-

227 3401 281 3434 ram
309 3387 457 3454 oppositam
484 3396 512 3440 et
535 3389 614 3440 litora
634 3389 737 3458 repleta
756 3405 812 3441 eaeo
839 3397 965 3459 putarent
982 3391 1081 3458 partim
1099 3387 1217 3438 miiitum
1241 3385 1314 3435 naui-

227 3453 360 3518 titndine·,
388 3461 485 3527 partim
515 3461 594 3528 copia
620 3461 767 3512 triremium
786 3469 814 3512 et
830 3461 942 3511 oliorum
962 3461 1146 3528 navigiorum,
1164 3473 1235 3528 quae
1257 3457 1315 3507 bet-

227 3525 261 3576 tis
294 3529 432 3580 maritimis
460 3539 588 3600 parantur
621 3531 774 3600 praelonga.
822 3547 853 3581 ac
888 3531 1006 3583 solamur
1040 3547 1104 3582 runo
1140 3527 1264 3580 horninur
1287 3529 1316 3579 in

228 3596 359 3648 eiusmodi
385 3598 465 3651 rebus
494 3601 533 3652 ita
557 3599 640 3651 officia
664 3601 854 3670 amplificamur
882 3603 1042 3672 pierumque
1073 3609 1101 3653 et
1118 3613 1315 3668 exaggeramus,

228 3681 299 3734 quae
318 3667 493 3734 admiramur,
520 3673 647 3742 qnoniam
672 3679 795 3722 accurata
820 3687 852 3722 ea
870 3671 990 3724 indicare
1009 3689 1065 3724 non
1082 3687 1234 3743 portamur,
1253 3687 1314 3739 pro·

228 3744 320 3804 pterea
342 3739 417 3808 quod
434 3759 508 3794 meua
526 3741 632 3793 turbata
653 3751 696 3794 eet
720 3743 900 3811 rtupentibua.
1316 3787 1318 3791 .

231 3871 237 3886 .
297 3809 373 3861 'salis
396 3811 479 3878 igitur
498 3829 555 3862 oum
580 3821 722 3882 appareret
748 3811 930 3878 Andronicur,
949 3821 978 3866 et
1002 3814 1113 3882 exiguae
1134 3815 1192 3865 einr
1221 3812 1313 3882 copiae

230 3889 352 3940 rarenter
374 3897 434 3932 erre
449 3881 613 3945 viderentur,
632 3882 706 3935 brevi
724 3891 845 3954 tempore
873 3893 982 3936 cunctor
1000 3885 1051 3936 eibi
1069 3885 1206 3946 conciliat,
1226 3893 1255 3935 et
1271 3891 1312 3934 to-

230 3950 285 4024 tam
298 3947 400 4012 urbem,
420 3960 450 4003 ut
468 3953 505 4004 ita
524 3952 618 4016 dicam,
636 3955 665 4006 in
685 3964 775 4023 parter
794 3972 855 4007 ιοαι
868 3954 992 4006 traducit.
1011 3956 1059 4008 red
1078 3972 1113 4008 ne
1134 3954 1239 4022 ingenti
1258 3970 1311 4004 ma-

231 4029 254 4062 rr
274 4031 360 4067 rerum
382 4024 541 4074 narrationis
561 4033 668 4076 nortrae
687 4025 812 4094 rcapham
834 4027 1040 4091 committamur,
1058 4026 1105 4078 red
1123 4027 1168 4078 riu
1188 4035 1310 4092 tanquam

206 4123 212 4137 .
231 4099 278 4152 per
297 4085 394 4139 fretum
413 4093 610 4161 compendiaria
629 4093 844 4164 proficiscamur,
871 4095 1012 4150 confertim
1036 4095 1070 4149 ad
1093 4097 1172 4150 ilium
1191 4097 1311 4163 navigant
