2776 4612
231 277 287 338 DE
303 273 608 346 THESSALONIGA
626 276 656 344 A
673 280 831 344 LATINIS
850 277 992 346 class.
1083 271 1156 348 389

65 447 127 498 cmc
151 424 182 488 δ’
201 419 241 490 όν
263 425 319 490 καί
336 425 457 493 τόνιοό
470 427 627 513 Mercurii
649 431 749 494 uelde
771 429 959 498 αἰδέσασθαι
980 428 1060 496 sord
1081 429 1157 506 τοός

66 521 208 602 σοχνοός
228 519 350 610 όρκοσς,
372 531 426 592 καί
444 527 583 608 μάλιστα
604 528 680 604 νοός
707 525 849 614 ὕστερον,
870 528 927 604 οός
946 528 1028 610 μετό
1048 528 1157 604 πόδας

68 618 188 697 πολλός
210 623 352 706 ἐπέκρινα
375 629 500 708 δοῦναι,
522 627 576 694 καί
605 626 750 701 δεδωκώς
769 625 824 710 τήν
844 630 906 693 τοῖν
933 628 1157 712 Παφλαγόνων

69 719 323 803 όνπειιλιγραόσατο
351 728 430 808 γῆν,
451 723 494 800 σός
526 723 581 790 καί
606 728 897 809 στρατοπεδαρχεϊν
917 729 1018 792 ἐκεῖσε
1039 731 1095 792 καί
1116 723 1156 790 τό

42 820 190 884 όὲεεῑδεν
209 822 255 896 εἰς
273 825 383 906 κε’ρδος
404 824 684 910 α’πονοσφιζεσδαι.
726 824 782 889 καί
800 818 886 907 εἶχεν
903 829 963 907 μὲν
983 823 1082 902 νότιος
1103 830 1157 894 ll·

67 919 171 982 πίδαν
191 917 221 984 οἱ
244 921 300 1004 τῆς
320 921 578 1004 μεγαλοπόλεαις·
621 921 656 988 αἱ
677 925 714 990 δὲ
735 917 816 1007 ἦσαν
835 925 959 998 ε’λπίδες
981 917 1083 1000 ἄλλοις
1103 925 1160 992 καό

70 1009 201 1101 όνείριον
219 1018 299 1086 κατὰ
322 1019 376 1086 τόν
396 1019 521 1088 εἰπόντα
541 1019 625 1106 σιιιό,
648 1018 692 1098 σός
713 1018 730 1086 ό
751 1021 850 1088 ε’πιών
870 1021 984 1105 χρόνος
1007 1027 1155 1108 ἀνέδειξε,

67 1116 194 1199 ψεόσας
210 1115 267 1202 τὴν
286 1119 383 1204 καλὴν
403 1123 589 1208 ζωγραφίαν
610 1117 648 1206 ἢν
677 1119 694 1188 δ
715 1125 791 1188 καθ’
811 1123 867 1186 ἕνα
888 1123 942 1186 ἐπί
961 1125 1004 1211 τῷ
1024 1124 1216 1206 Ἄνδρα-214

68 1220 143 1306 νόιιρ
170 1215 387 1284 δνεεοποόοαιο
424 1221 471 1296 εἰς
497 1215 628 1306 ἔαυτόν,
658 1221 714 1288 καί
742 1221 922 1304 ἀπαλείψας
950 1227 1009 1304 μὲν
1043 1217 1155 1309 oderis,
1262 1283 1276 1318 ,

28 1313 210 1404 ιοέκφήνας
228 1318 263 1380 δὲ
286 1315 340 1382 σόν
359 1311 462 1402 όνδρα
483 1323 706 1404 παινότροπον,
727 1323 827 1387 εἰπεῖν
848 1322 1073 1407 εὐφημότερον.

150 1412 248 1481 Ἀλλὰ
272 1419 364 1481 τοῦτο
386 1421 445 1498 μὲν
466 1416 577 1504 μικρόν
592 1443 624 1484 τι
650 1417 802 1505 όστερον·
823 1420 895 1486 τότε
917 1423 952 1486 δὲ
974 1423 1154 1486 ἀνεκαλεῖτο

68 1515 198 1590 ἕκαστος
225 1512 281 1579 τόν
310 1515 509 1600 Ἀνδρόνικον
540 1515 584 1596 σός
606 1513 667 1604 ἤδη
695 1517 751 1585 ’καί
778 1515 918 1604 παρόντα
940 1512 960 1602 ἢ
981 1523 1057 1604 γαόν
1074 1517 1156 1584 όλλό

67 1610 292 1698 παρεσόμενον.
342 1615 385 1692 ὥς
407 1619 442 1682 δὲ
464 1617 502 1684 ’τό
523 1615 695 1705 φόνιασμα
721 1615 964 1704 tociacenses*
983 1618 1001 1684 δ
1021 1615 1156 1700 πόλεμος

66 1715 144 1798 περί
165 1710 270 1800 δείλην
292 1713 391 1796 όψίαν
411 1719 631 1802 κατειργάσθη,
654 1715 752 1801 ῥίψας
771 1716 904 1794 πολλοὺς
924 1720 981 1784 καί
998 1716 1031 1782 τό
1054 1715 1156 1782 νότιον

26 1810 279 1898 ι5πολοόνδριον
299 1813 333 1880 τό
359 1813 436 1898 πρὸς
455 1819 494 1904 τῇ
514 1815 664 1904 θαλόσσῃ
694 1815 816 1900 πλήσας
838 1821 954 1902 νεαρόν
972 1819 1155 1900 βασιλικῶν,

65 1909 84 1976 ό
105 1911 145 1996 δὴ
166 1914 287 1998 σαπρία
319 1915 487 1998 εεθδληεαι
506 1917 677 2001 λέγεσθαι,
695 1915 751 1981 καί
772 1917 870 2002 ἐχρῆν
888 1915 966 1982 sosoi
986 1939 1056 1982 τινα
1078 1913 1157 1997 ξόα-

64 2016 163 2092 βασιν
194 2011 253 2096 τόν
281 2012 353 2078 τότε
382 2013 520 2093 δόξασαν
538 2016 643 2101 ἠρδμα
668 2019 861 2100 καταστῆναι
884 2012 958 2091 νοός
978 2037 1010 2081 τι
1029 2019 1156 2098 βασιλε-

63 2109 142 2186 eosic
173 2109 247 2187 νοός
264 2135 297 2177 σε
329 2113 618 2201 εἰιιιλησιασειιιοός,
649 2111 722 2180 δποι
752 2119 811 2196 μὲν
831 2108 928 2200 ἦλθον
956 2115 1103 2198 μεθόδων
1124 2109 1156 2178 οἷ

63 2205 148 2296 τότε,
165 2207 322 2296 πόρεργον
343 2204 434 2294 οἶμαι
451 2213 652 2302 ξνγγρόφειν,
672 2212 691 2278 δ
711 2217 747 2282 δὲ
760 2215 836 2300 ἡμῖν
858 2211 1002 2278 όδοποιεΐ
1015 2211 1056 2276 τό
1077 2215 1153 2298 ἐφε-

21 2313 130 2396 σοξῆς,
150 2305 325 2396 εἰρήσεται.
959 2315 976 2361 ⁰

146 2407 419 2477 Ἀποιιαθίσεαται
446 2411 506 2491 μὲν
523 2409 602 2492 prad
623 2434 695 2476 τινα
725 2412 924 2496 διασεὴματα
944 2407 1070 2496 ἔμμηνα
1091 2435 1153 2474 πα-

62 2515 229 2596 τριαρχείι
249 2502 348 2585 αὖθις
366 2510 545 2594 οἶναγκαίας
566 2505 583 2576 δ
604 2506 776 2595 ιἐριόταοος
798 2508 975 2594 Θεοδόσιος,
996 2511 1153 2593 συγκαθί-

67 2803 127 2838 rum
144 2785 278 2838 Menuelis
296 2801 408 2854 puerum
425 2793 537 2857 propter
554 2789 713 2851 iuramenta,
739 2803 809 2858 qnos
829 2787 937 2852 lecerat,
976 2786 1080 2848 lucina,
1098 2803 1151 2856 po-

67 2857 181 2910 steriora
203 2858 373 2924 praesertim,
400 2874 471 2926 qnae
497 2867 558 2928 post
578 2876 686 2928 magnas
720 2860 840 2910 miserias
861 2859 924 2910 durs
962 2865 1107 2918 ecrsserat,
1124 2863 1153 2908 et
1210 2859 1214 2866 '

67 2943 151 2998 quum
170 2927 296 2988 dedisset,
320 2927 525 2996 Paphlagoniam
555 2931 583 2982 in
603 2932 686 2982 vicem
708 2931 820 3000 accepit,
839 2937 869 2982 ut
890 2938 918 2982 et
934 2928 1075 2998 imperium
1094 2929 1151 2980 eius

67 2999 221 3068 provinciae
241 3007 378 3050 exerceret
396 3007 424 3050 et
441 2999 491 3050 sibi
512 3000 576 3050 inde
599 3000 699 3052 lucrum
726 3002 835 3052 iaceret.
874 2999 955 3050 talem
978 3000 1059 3067 igitur
1077 3015 1151 3066 spem

66 3069 156 3122 omnis
175 3068 270 3120 civitas
287 3067 387 3120 alebat.
424 3067 471 3120 sed
493 3082 549 3122 erat
568 3088 599 3122 es
620 3089 679 3141 spes
698 3072 786 3122 inanis
804 3078 832 3122 et
851 3070 954 3132 somnii,
975 3067 1049 3138 quod
1066 3069 1152 3132 siunt,

66 3157 135 3193 vana
153 3140 263 3209 species,
281 3138 507 3208 quemadmodum
526 3148 631 3210 tempus
648 3142 747 3194 deindo
767 3147 885 3193 secutum
899 3139 1057 3202 declaravit,
1077 3139 1152 3208 qnod

65 3211 186 3280 pulcram
199 3211 273 3262 illum
292 3209 440 3275 imaginem,
479 3227 540 3262 uam
557 3212 590 3262 de
600 3212 751 3264 Andronico
770 3212 820 3264 sllsi
832 3211 946 3282 quisque
958 3211 1152 3272 confluxerant,

66 3281 170 3333 delevit
186 3290 215 3332 et
232 3281 368 3340 abstersit,
385 3229 559 3352 ostenditque
577 3281 730 3347 hominem,
749 3290 779 3335 ut
806 3282 948 3351 benignius
978 3281 1081 3343 dicam,
1102 3297 1153 3332 no·

65 3370 129 3404 vum
149 3359 177 3403 et
194 3351 342 3402 insolitum.

139 3421 193 3474 Sed
212 3421 281 3472 illud
326 3419 416 3472 uidem
435 3423 517 3492 psulo
541 3431 606 3492 post
624 3423 723 3476 iactum
752 3429 801 3474 est.
844 3429 900 3474 tum
925 3429 1015 3472 sutem
1040 3419 1155 3472 vocabat

68 3495 255 3562 unusquisque
267 3439 459 3556 Andronicum,
477 3501 603 3565 tanquam
622 3495 674 3544 ism
693 3500 869 3562 praesentem.
889 3500 936 3544 ent
953 3499 1025 3544 certe
1045 3490 1155 3560 quidem

66 3581 131 3616 snos
144 3567 295 3615 affuturum.
318 3579 388 3632 quae
406 3581 466 3633 spes
480 3583 563 3635 quum
582 3563 724 3616 fefellisset
744 3565 823 3626 cives,
843 3571 872 3614 et
892 3561 994 3612 bellum
1007 3561 1091 3612 multa
1105 3577 1156 3611 se-

65 3651 144 3704 spera
165 3643 301 3698 cessasset,
317 3635 462 3705 fractisque
480 3635 572 3687 multis
586 3644 614 3686 et
623 3635 784 3688 coemeterio
795 3633 915 3695 australi,
936 3631 1009 3700 qnod
1027 3629 1062 3682 ad
1082 3646 1155 3682 mere

65 3705 187 3776 pertinet
206 3713 233 3756 et
260 3703 409 3773 putredinis
431 3721 530 3757 nomen
550 3707 656 3765 meruit,
677 3703 850 3756 cadaveribus
876 3703 988 3771 impleto
1008 3701 1155 3771 imperato-

66 3775 126 3833 riis,
146 3773 290 3826 secundum
312 3776 464 3845 pactionem
486 3783 542 3828 tum
564 3777 659 3828 initam
683 3775 821 3844 quiescere
839 3779 977 3842 oporteret
992 3779 1021 3824 et
1038 3774 1153 3840 impers-

68 3845 157 3898 sorios
180 3851 208 3894 et
230 3847 445 3910 ecclesiasticos,
472 3861 696 3915 supervacaneum
716 3852 781 3914 puto
803 3859 924 3906 narrare,
949 3842 1016 3912 quas
1036 3842 1079 3894 illi
1099 3851 1157 3894 tum

68 3913 242 3968 conditiones
264 3917 465 3982 constituerint,
492 3933 523 3970 sc
541 3915 662 3968 dicturus
680 3932 756 3978 sum,
777 3912 851 3984 quod
870 3914 940 3966 eiam
955 3911 1035 3966 nobis
1053 3913 1159 3966 muniet

69 3986 106 4038 ad
126 4000 167 4036 res
187 3982 285 4036 deiude
304 3996 418 4040 secutus.

144 4053 303 4108 ttesttsuimr
322 4067 384 4124 post
403 4057 483 4111 unius
503 4056 558 4108 iere
575 4055 674 4108 mensis
702 4051 813 4107 dissidio
835 4055 863 4106 ln
880 4052 1090 4126 patriarchatum
1111 4069 1161 4106 ns·

70 4127 195 4180 cessitate
218 4133 329 4194 cogente
348 4129 529 4182 sanctissimus
551 4126 733 4190 Theodosius,
759 4127 930 4198 societurque
951 4142 1011 4179 cnm
1033 4143 1065 4178 eo
1088 4140 1162 4177 cons·
