2776 4612
257 289 312 352 nn
330 289 635 358 τπεεειιοαιεε
653 292 682 361 κ
698 293 857 362 tannis
877 292 1022 362 carra.
1105 291 1178 400 εει

88 431 275 513 διδάξαντες
294 436 353 520 τήν
372 441 431 502 τοῦ
445 440 618 525 άρχιεμέας
630 443 770 526 duplae,
792 443 941 526 έπέμενον
959 434 1007 520 οἷς
1026 441 1182 528 έκακοάρ.

88 559 209 619 γησαν,
230 536 287 600 καί
303 533 360 622 τήν
390 540 598 606 διδασκαλίαν
622 541 836 624 ἠσφαλίζοντο
843 591 853 624 ,
873 546 928 608 καί
945 541 1002 608 τάν
1018 544 1118 608 παῖδα
1137 545 1181 632 τῷ
1228 531 1233 544 ’

88 633 260 718 μαθήματι
278 638 484 719 ἑνερείδοιτες
498 647 604 725 τηρεῖν
624 637 701 704 αὐτὸ
725 639 855 723 nitriae,
876 645 932 706 καί
949 643 1091 723 μάλιστα
1112 641 1180 727 ήτά

91 737 155 798 πάν
166 737 326 819 δυναμένη
341 737 514 821 μήτηρκαὶ
532 736 549 803 ὃ
567 740 637 820 μετ’
652 739 753 822 αάτήν
777 737 1045 824 πρατοσεβαοτάς,
1068 739 1181 806 iuuet

65 839 146 917 ῦτής
158 834 324 919 έκκληοέας
335 836 405 901 τάτε
419 837 593 923 μελετήσας
608 838 741 913 δυνατὸς
754 842 902 922 γενέσθαι
916 843 973 906 κατ’
986 840 1048 906 οὖν
1058 840 1184 924 γυναιξὶ

89 933 248 1018 συστήσας
271 931 353 1000 κατά
373 933 429 1019 τήν
450 937 625 1019 παροιμάιν
644 937 762 1022 μάχην.
792 941 847 1003 καί
866 935 950 1006 οὕτω
967 941 1027 1021 μέν
1047 963 1129 1016 τινες
1150 935 1181 1002 οἱ

90 1035 149 1098 τοῦ
161 1032 207 1118 μή
230 1039 348 1100 καλοῦ·
373 1035 403 1100 οἱ
419 1037 454 1102 δὲ
474 1039 580 1104 λοιποὶ
601 1035 658 1102 έιιέ
667 1059 700 1102 τε
720 1042 764 1125 τῷ
786 1043 1005 1128 πατριαρχικιηῖ
1024 1064 1182 1108 καταστυ-

89 1132 252 1215 γνάζοντες
277 1134 519 1220 δυοπραγήματι
547 1139 602 1201 ἐπέ
619 1159 652 1200 τε
672 1139 710 1224 τῇ
729 1142 793 1204 τάν
811 1137 988 1224 Καισάρων
1017 1140 1182 1226 δυστυχίᾳ,

91 1230 319 1316 καταλήγουσιν
347 1236 393 1311 εἰς
421 1233 517 1301 κακόν
536 1240 618 1319 μέγα
647 1241 703 1302 καί
733 1235 899 1302 οἴκτιστον.
948 1239 1046 1304 εἰπεῖν
1063 1234 1124 1320 γάρ
1146 1240 1182 1302 έν

49 1331 293 1420 εὐβραχυτάτηι,
314 1337 451 1416 πόλεμος
465 1343 623 1416 προτεῖναι
643 1331 738 1420 ἱεράς,
760 1335 804 1412 nic
826 1329 865 1400 άν
877 1339 1007 1420 καιρίας
1027 1337 1108 1422 φαιή
1120 1358 1178 1412 τις.

90 1433 148 1496 κατ’
165 1437 387 1512 στεγανοάνται
405 1438 464 1514 μέν
485 1434 515 1498 οἱ
545 1439 601 1517 τῆς
622 1434 787 1518 έκκλησέας
808 1433 897 1512 ἐντὸς
917 1432 961 1511 ὥς
982 1435 1035 1502 ε’πί
1056 1441 1182 1520 πολιορ-

89 1529 143 1620 κέᾳ
166 1534 239 1611 μεθ’
259 1525 373 1615 ὅπλων,
394 1533 424 1598 οἱ
445 1536 482 1600 δέ
500 1537 661 1616 βασιλικοὶ
677 1531 1006 1613 &nutrimentum
1028 1544 1085 1600 rani
1103 1539 1182 1600 reni-

91 1635 141 1694 λολ
162 1630 216 1696 κατ’
237 1641 383 1714 γενναῖοι.
413 1634 468 1698 καί
485 1635 635 1702 πίπτουσι
653 1636 714 1715 μὲν
735 1636 793 1699 ουέτ
813 1634 914 1716 α’λέγοι
932 1634 997 1700 τάν
1017 1636 1050 1697 έν
1071 1637 1110 1722 τῇ
1131 1633 1180 1700 ε’κ-

90 1729 213 1818 κλησέη,
232 1732 295 1794 τάν
316 1733 351 1796 δὲ
370 1734 544 1814 βασιλικῶν
565 1732 736 1818 α’μάθητοι.
779 1735 869 1818 διέβη
890 1733 927 1798 δέ
948 1757 980 1798 τι
1000 1734 1058 1799 τοῦ
1076 1730 1182 1798 τοιοά·

49 1837 149 1892 tiron
169 1833 269 1894 κακοῦ
292 1829 348 1895 καί
364 1833 411 1907 εἰς
429 1829 486 1914 τήν
506 1829 644 1916 άγοράν·
694 1830 731 1896 τά
753 1831 814 1916 γάρ
836 1831 1000 1914 βασιλικόν
1018 1855 1182 1914 συμμαχι·

90 1925 148 1994 κόν
170 1934 296 2006 πολλοῖς
310 1931 491 2014 δνεπήδησε,
508 1934 564 1996 κατ’
587 1928 662 2008 τούς
681 1934 741 2012 μὲν
761 1925 863 2006 άλλως
883 1928 1016 2014 ἔβλαψε,
1037 1928 1125 2007 τινάς
1143 1931 1181 1994 δέ

89 2027 148 2090 κατ’
163 2029 221 2091 τοῦ
242 2030 301 2110 ζῆν
333 2025 503 2112 ἀπήγαγεν.
545 2022 621 2095 ὅθεν
646 2034 702 2096 κατ’
720 2032 898 2098 πλατυνθέν
917 2028 951 2094 τὸ
973 2025 1067 2096 κακὸν
1087 2025 1183 2112 έπλή-

90 2129 172 2190 θυνε
200 2125 234 2192 τὸ
256 2124 339 2195 κατά
372 2130 429 2210 τῆς
454 2131 618 2208 βασιλίδος
638 2137 730 2210 μῖσος
759 2133 815 2194 καί
835 2123 1096 2213 ήπλυιοεμικροῦ
1116 2131 1183 2194 δεῖν

92 2227 140 2302 εἰς
162 2220 313 2304 ἅπαντας.
355 2229 411 2292 καί
428 2224 541 2311 ἔγεμον
568 2231 668 2313 αὐτῆς
688 2227 727 2293 τά
756 2225 882 2294 πάντων
902 2227 1042 2309 στόματα
1061 2227 1118 2292 oriar
1137 2229 1183 2304 εἰς

45 2321 241 2408 Ωοάγαθάν,
259 2327 315 2392 καὶ
333 2325 538 2408 ἐβουλεύοντο
564 2325 604 2394 τά
626 2330 672 2404 εἰς
694 2329 831 2392 κάκωσιν
854 2328 951 2410 αάτής
972 2326 1028 2390 καὶ
1044 2326 1184 2392 άπάστα·

92 2447 155 2488 σιν.
197 2419 288 2490 ὁποῖα
310 2429 347 2492 δὲ
365 2431 400 2490 έν
421 2435 486 2502 τοῖς
519 2426 674 2503 τοιούτοις
693 2431 785 2514 φιλεῖ
800 2426 954 2510 γίνεσθαι,
976 2425 1014 2488 οὐ
1036 2424 1129 2505 μόνον
1148 2427 1184 2490 ε’κ

93 2526 156 2588 τεάν
177 2523 266 2606 παρά
285 2525 386 2601 πόδας
413 2524 592 2609 ἐποριζοντο
618 2523 655 2590 τά
681 2528 726 2602 εἰς
749 2519 884 2610 ἄμυναν,
903 2525 986 2588 άλλά
1005 2527 1060 2588 κατ’
1080 2524 1126 2598 εἰς
1145 2521 1183 2588 τά

93 2620 263 2706 πόρρωθεν
291 2626 478 2708 α’νεβιβαζον
500 2622 574 2701 τους
597 2622 786 2708 λογισμούς,
808 2626 863 2690 κατ’
881 2624 980 2708 α’νέβη
1000 2622 1111 2700 αὐτοῖς
1130 2625 1185 2688 ini

94 2861 358 2984 perseverabantan
370 2865 399 2918 in
410 2865 453 2928 iia,
463 2881 532 2936 quae
544 2865 740 2928 comminarent,
749 2863 963 2934 sententiamque
972 2878 1046 2914 ruam
1056 2859 1181 2916 etabiiie·

115 2941 172 2998 ant,
186 2931 338 3003 et'pnernm
351 2937 537 2988 confirmauiat
547 2935 577 2987 in
587 2936 737 3004 praeceptis
746 2935 810 2998 ruia,
828 2942 858 2986 nt
870 2933 1025 2986 abrervaret
1042 2950 1073 2986 ea
1082 2931 1181 2986 adene-

94 3003 243 3068 faciebant,
261 3007 290 3060 in
304 3007 407 3075 primia,
423 3022 493 3076 qnae
511 3006 657 3076 plurimum
674 3005 807 3076 poiiebat,
824 3013 910 3058 maier
928 3005 986 3056 eine
1004 3013 1033 3058 et
1048 3003 1181 3056 secundun

94 3083 159 3144 poet
174 3092 233 3126 enm
246 3077 456 3145 proterebantur,
478 3077 526 3146 qui
543 3071 756 3130 eccleriern'tum
777 3075 911 3128 dominari
928 3075 1056 3146 cupiebat
1073 3084 1102 3128 et
1119 3091 1180 3128 cum

94 3145 255 3200 mulieribne
267 3147 413 3200 necandum
425 3147 594 3218 proverbium
604 3149 770 3201 excitaverat
781 3162 904 3216 pugnam.
925 3155 1008 3218 atque
1021 3148 1059 3198 ite
1070 3145 1180 3216 quidem

94 3217 222 3270 nonnulli
238 3217 345 3270 virtutir
370 3235 461 3287 parum
487 3225 621 3284 amantem
648 3220 745 3290 reliqui
773 3227 862 3270 autem
889 3218 983 3270 enimin
1005 3217 1095 3268 afflicti
1111 3232 1180 3284 pro·

94 3296 157 3358 pter
177 3288 343 3358 patriarchae
357 3297 385 3342 et
396 3290 539 3340 Caeterum
556 3289 682 3342 iniuriam
699 3289 734 3340 ad
751 3291 851 3340 malum
868 3290 963 3358 ingene
982 3297 1010 3341 et
1026 3285 1180 3340 mirerabile

94 3359 254 3413 deveniunt.
290 3369 321 3411 ut
338 3359 409 3412 enirn
429 3361 504 3412 breri
524 3359 621 3422 dicem,
641 3361 743 3414 beilum
768 3361 854 3412 oritur
869 3376 980 3422 eaerum,
995 3367 1026 3410 ut
1043 3359 1100 3410 iure
1119 3356 1178 3425 quir

94 3428 178 3482 dinei.
214 3430 295 3482 armie
314 3439 441 3500 teguntur
458 3432 531 3484 iuine
552 3431 666 3484 minieiri
690 3431 819 3484 encleriae
836 3428 871 3481 ad
889 3428 1088 3482 defendendam
1105 3427 1179 3478 obei-

96 3499 215 3565 dionem‚
234 3499 393 3554 adoriuntur
413 3519 459 3554 eor
476 3509 551 3554 extra
572 3502 739 3570 imperatorii
766 3501 846 3554 multi
867 3509 895 3552 et
913 3501 1042 3568 generari.
1079 3496 1180 3549 cadunt

95 3571 171 3623 haud
191 3574 271 3641 pauci
289 3589 400 3636 eornm,
418 3573 465 3643 qni
493 3573 522 3624 in
543 3573 658 3626 eccieria
675 3579 760 3634 erant,
778 3589 811 3624 ex
828 3572 1006 3641 imperatoriie
1025 3577 1114 3620 autem
1135 3569 1179 3618 in·

95 3643 286 3696 numerabiier.
330 3645 439 3698 traneiit
460 3651 550 3696 eutem
567 3643 673 3714 aliquid
703 3642 824 3694 einedem
845 3641 909 3692 maii
933 3643 1014 3692 etiam
1034 3641 1063 3692 in
1081 3639 1179 3690 iorum.

96 3714 182 3832 partie
199 3715 387 3784 imperatoriae
413 3715 530 3766 enectine
557 3717 629 3768 enirn
662 3714 750 3768 adorti
770 3719 833 3764 runt
852 3711 994 3782 plurimae,
1012 3718 1094 3779 atque
1112 3709 1180 3761 aliae

110 3795 243 3846 aeternat,
261 3786 329 3840 aiinr
348 3788 428 3838 etiam
445 3786 500 3836 vita
525 3786 671 3853 privarunt.
720 3783 792 3834 unde
812 3783 893 3834 iatine
911 3790 1026 3850 gennente
1066 3781 1180 3846 ernipiee

97 3853 176 3904 nuxit
192 3855 283 3908 odium
301 3857 480 3927 imperatricis
497 3864 525 3908 et
542 3853 577 3906 nd
589 3871 680 3906 amnne
698 3870 783 3924 prope
802 3853 943 3922 pertinuit.
963 3798 1114 3904 διαπατήσει
1130 3851 1182 3902 ed-

97 3938 192 3976 verrue
217 3943 275 3978 enm
295 3943 341 3980 are
367 3930 486 3980 omnium
503 3935 532 3978 et
550 3925 639 3976 meliri
658 3932 803 3992 coeperant
828 3923 984 3974 inimicitiae
1001 3930 1029 3974 et
1046 3919 1180 3974 deiectio-

98 4009 171 4046 nem.
208 3995 311 4067 itnque,
332 4007 362 4052 ut
383 3999 438 4052 iere
457 3997 488 4050 fir
510 3997 541 4049 in
559 3995 638 4048 rebar
652 3994 797 4056 riumodi,
815 4011 871 4046 non
895 3995 993 4057 roiam,
1012 4009 1083 4064 quae
1100 4009 1180 4062 prae·

99 4065 188 4117 nentia
205 4075 292 4129 erent,
308 4069 342 4120 ad
359 4067 547 4122 deieneionem
565 4073 702 4136 pararunt,
719 4064 766 4118 red
783 4065 865 4118 etiam
883 4063 917 4116 ed
941 4065 1090 4135 longinqua
1106 4070 1180 4116 verte

98 4143 163 4191 runt
182 4137 296 4202 emmae,
315 4147 343 4192 et
357 4141 432 4194 venit
447 4141 478 4194 in
495 4147 630 4203 mentem,
648 4138 723 4192 cuine
743 4152 823 4209 rupra
845 4136 1010 4190 mentionem
1028 4133 1181 4190 inieeinaur.
