2778 4616
411 323 466 384 na
492 319 627 387 atoue
653 321 822 390 aronae
851 327 888 391 r.
1113 307 1187 396 ³39

91 463 110 530 ri
133 463 317 554 ἔμπροσθεν
347 469 474 555 φοίγων
502 469 558 537 τὸν
587 465 689 538 ὄπίσω
718 475 757 538 ori
785 473 943 542 κατενόει·
983 477 1108 547 ίιοίων
1126 477 1190 564 γέρ

92 563 147 630 τὸν
173 563 284 652 κρότον
306 571 368 634 τοῖν
389 572 495 636 ποδῶν
522 575 709 638 ruvinum
731 573 835 658 ἔλεγεν
855 565 906 642 ὅτι
924 574 989 642 aiud
1012 583 1077 644 τείν
1095 587 1189 644 πολι-

90 669 176 746 μίων
200 669 447 754 ιιαταέιαέιιεται,
480 674 536 734 καί
567 672 627 746 ἕως
645 664 685 736 οὗ
713 671 730 736 ὅ
760 675 856 750 ίππος
886 675 991 742 πεσών
1018 677 1189 762 ἀπέθανεν,

92 767 151 829 oriar
172 765 323 851 εὖμενίέιγ
351 767 480 846 ἕκαστος
507 774 567 833 τοῦ
597 771 735 856 φεύγειν.
777 772 885 838 λοιπὸν
906 776 942 840 δὲ
959 773 1017 842 καί
1032 776 1062 842 οἱ
1086 783 1188 842 πλεῖοι

63 867 172 951 5πεζῇ
193 863 320 951 ἔφυγον,
340 871 403 932 τῶν
421 872 527 934 ἳππων
545 871 580 936 έιι
602 872 659 954 τῆς
679 876 865 957 παρατογῆς
891 867 1058 941 ἀδυνάτων
1078 868 1217 949 durumn-

89 968 374 1049 λιμαγχονρθέντες
394 970 439 1051 δέ,
459 967 514 1032 καί
532 973 588 1034 rori
607 973 725 1051 δίψους
745 975 897 1058 καέντων,
915 967 1021 1056 ὀλίγον
1043 973 1187 1059 α’περχό-

87 1088 181 1148 μενοι
204 1063 331 1132 ἔπιιιτον
351 1070 407 1132 καί
428 1069 643 1154 ἀπέθνησκον·
692 1066 806 1146 πάντες
833 1070 896 1156 γὰρ
918 1069 958 1138 τὰ
979 1065 1109 1158 ἅρματα
1131 1080 1188 1143 καί

90 1164 132 1230 τοί
152 1171 284 1248 λωρίκια
306 1165 445 1250 ἔρριψαν
466 1171 512 1244 εἰς
529 1167 587 1252 τὴν
608 1167 694 1234 ὁδόν.
736 1163 825 1236 ἄλλοι
846 1175 883 1237 δέ
903 1174 1186 1258 ιιαταφθαυίμενοι

89 1267 241 1349 εἰσῆλθον
271 1266 317 1342 είς
346 1269 467 1350 κέστρα
488 1267 581 1350 τινά,
614 1264 743 1352 ὕστερον
772 1271 807 1336 δὲ
828 1273 1105 1357 παρακαθίσαντος
1124 1277 1186 1338 rori

44 1362 279 1448 toBoniyo'pov
302 1365 356 1428 καί
384 1365 625 1449 παραλαβόντος
656 1367 787 1447 πάντας.
830 1368 938 1436 λοιπὸν
963 1363 1021 1436 οὖν
1039 1370 1070 1440 οἱ
1090 1375 1185 1438 πολέ·

84 1487 156 1545 μιοι
185 1455 318 1529 ὄπισθεν
344 1465 495 1548 έσίναγον
523 1463 562 1530 τιί
596 1459 726 1550 ἅρματα
753 1471 815 1534 τοῖν
837 1468 1025 1555 φευγόντων.
1066 1474 1121 1536 καί
1140 1467 1181 1554 dr)

85 1563 146 1640 ἓως
167 1567 224 1645 τῆς
245 1561 365 1641 πόλεως
387 1564 443 1628 ουίι
466 1562 603 1650 ἔστησαν
622 1565 803 1652 φειίγοντες.
852 1571 907 1632 καί
927 1570 1057 1654 φθάσας
1080 1569 1097 1633 ὃ
1120 1575 1182 1652 βα·
1265 1631 1270 1640 .

84 1661 194 1739 σιλεύς
213 1664 361 1748 εἰσῆλθεν
379 1665 425 1738 είς
445 1667 499 1748 τὴν
518 1663 619 1748 πόλιν,
643 1669 699 1730 καί
716 1668 904 1754 η’σφέλισεν,
924 1669 977 1733 ἵνα
995 1667 1041 1754 μὴ
1063 1668 1081 1732 o‘
1103 1668 1181 1745 λαός

83 1763 260 1844 χαλασθείς
279 1763 393 1851 ποιήσῃ
414 1763 518 1835 κακόν.
560 1762 588 1830 οἱ
611 1767 646 1830 di
670 1764 852 1850 Βοὺλγαροι
870 1767 929 1844 ἕως
950 1769 1058 1852 σ’λίγου
1077 1768 1178 1834 τόπου

42 1849 333 1939 15ιιαταίιωξαντες
361 1861 395 1926 τὸ
426 1864 536 1927 λοιπόν
567 1861 648 1945 μετέ
668 1866 803 1943 α’νέσεως
824 1858 975 1950 ἤρχοντο·
1017 1861 1099 1951 ἦσαν
1115 1866 1177 1952 γὰρ

83 1963 139 2024 ιιαί
154 1959 247 2024 edroi
269 1965 482 2038 κεκοπιακόιες
501 1963 562 2026 α’πὸ
578 1965 633 2048 τῆς
652 1963 856 2046 παρατάξεως
875 1965 931 2030 καί
951 1963 982 2030 οἱ
1004 1969 1095 2032 innoc
1116 1969 1206 2036 uri-G

82 2061 156 2141 τῶν,
179 2059 363 2142 συνάγονιές
384 2083 420 2123 τε
441 2059 480 2125 rt
504 2057 596 2142 ὅπλα,
618 2059 661 2139 οὖς
682 2061 814 2148 εἴρηται,
836 2066 893 2130 καί
909 2061 950 2130 τοὶ
970 2063 1092 2150 κέστρα
1110 2091 1175 2131 πα·

82 2157 296 2244 ρακαθὴμενοι
326 2155 405 2224 ἔνθα
433 2165 633 2247 προσέφυγον
663 2159 694 2227 οἱ
727 2163 923 2246 διωκόμενοι.
972 2165 1028 2230 καί
1047 2163 1064 2229 ὅ
1083 2169 1177 2248 βασι.

82 2258 156 2334 tede
187 2259 340 2324 εἰσελθών
370 2257 450 2341 μετέ
482 2259 581 2347 λύπης
610 2263 665 2327 ναί
691 2265 860 2344 κλαυθμοῦ
893 2263 1036 2349 ἀπῆλθεν
1057 2267 1103 2342 εἰς
1122 2263 1177 2330 τὸν

38 2359 292 2444 νοπατριιίρχην,
314 2359 370 2424 καί
388 2365 597 2444 σννεισῆλθου
618 2358 682 2428 ὅτε
701 2359 875 2447 μα’γιστρος
893 2363 947 2426 καί
967 2360 984 2426 ri
1003 2366 1102 2446 μέγας
1121 2367 1174 2427 do-

79 2461 226 2540 μέοτικος
244 2461 299 2522 καί
319 2455 348 2524 οἱ
372 2463 479 2526 λοιποί
491 2460 660 2544 πατρίκιοι,
682 2463 738 2526 καί
756 2462 873 2526 κλαίων
894 2461 912 2524 ί
931 2459 1083 2543 βασιλεές
1104 2459 1172 2526 ἔλε-

78 2579 133 2638 γεν
154 2551 206 2620 ὅτι
226 2555 351 2634 πάντως
375 2559 426 2623 ίιοὶ
441 2558 498 2635 τίς
519 2559 677 2644 ἁμαρτίας
696 2583 759 2642 μου
783 2559 875 2625 τοῦτο
895 2557 1014 2626 ἔπαθον
1034 2558 1064 2626 oi
1085 2563 1172 2647 Χρι·
1196 2551 1201 2564 ’

116 2747 126 2768 ²
146 2731 176 2785 4.
197 2729 248 2789 orire
264 2731 301 2792 dr
318 2731 410 2808 μονὴν
428 2735 472 2809 έίρ
493 2735 627 2790 Combeiit

77 2929 162 2984 quare
182 2913 278 2966 solutis
296 2929 426 2988 equorum
452 2913 566 2968 habenis
583 2921 655 2968 retro
684 2911 865 2968 sectabantur.
901 2911 1012 2967 Romani
1033 2911 1170 2982 fugientes

76 2983 193 3036 invicem
212 3002 240 3037 ae
258 2975 441 3054 proterebant,
460 2987 498 3038 ita
518 2993 548 3040 ut
567 2987 613 3058 qui
626 2983 807 3056 praecedebat
822 2983 939 3054 fugietur,
958 2993 1029 3037 retro
1048 2983 1168 3052 poaiturn

74 3071 132 3108 nou
154 3054 322 3110 attenderet:
347 3056 441 3110 audito
467 3056 569 3129 qulpe
595 3055 694 3128 pedum
722 3071 852 3126 equorum
875 3057 956 3126 pulsu
983 3053 1090 3107 dicebat
1112 3061 1169 3106 “en

75 3133 107 3178 ut
128 3125 163 3178 ab
181 3125 305 3180 hostibus
323 3125 460 3197 iugatur;”
479 3136 508 3180 et
526 3075 612 3180 ίουεο
631 3126 762 3180 decident
780 3128 924 3180 interram
943 3141 1028 3198 equua
1046 3141 1169 3176 morere-

73 3203 129 3261 tur,
151 3213 166 3248 a
185 3197 264 3266 fugae
282 3215 359 3251 curru
384 3199 429 3250 via
446 3197 519 3250 ullua
536 3198 594 3250 albi¹
610 3197 786 3270 temperabat.
823 3196 922 3250 exinde
940 3197 1031 3268 plures
1049 3194 1166 3266 pedibus

75 3267 193 3320 aalutem
211 3269 386 3342 quaerebant,
406 3271 483 3342 equis
502 3269 627 3322 nimirum
653 3285 686 3321 ea
704 3269 785 3337 longa
803 3269 920 3320 atatione
937 3269 966 3319 in
986 3269 1043 3319 acie
1061 3265 1165 3318 viribua

73 3336 198 3392 deiectio.
234 3341 305 3394 fame
330 3348 421 3392 autem
452 3348 480 3392 et
496 3341 542 3392 aiti
567 3341 717 3392 couaumti
747 3341 850 3410 plures,
868 3355 927 3390 eum
945 3337 1080 3392 modicum
1099 3354 1165 3408 pro·

72 3410 234 3476 ceaairaent,
255 3411 399 3464 interram
426 3411 496 3480 lapai
515 3411 669 3462 animame
700 3409 791 3462 abant.
832 3409 923 3461 nullua
956 3409 1008 3462 iuit
1026 3411 1164 3480 quiarma

72 3480 224 3553 loricaeque
254 3499 303 3552 per
328 3483 398 3534 vium
417 3499 473 3534 uon
491 3483 644 3552 proliceret.
684 3481 733 3532 alii
754 3479 855 3552 oppida
873 3479 1005 3552 quaedam
1026 3493 1163 3600 occupant

71 3557 128 3615 tea,
156 3569 173 3604 a
201 3552 319 3621 bulgaris
338 3552 508 3623 postmodum
538 3553 641 3604 obaeaei
670 3552 797 3622 captique
822 3551 1022 3603 interritutena
1051 3550 1083 3600 ab
1105 3555 1161 3600 ueta

70 3629 143 3674 aunt.
179 3621 269 3676 hoater
288 3641 367 3694 porro
388 3633 458 3676 retro
476 3625 636 3692 fugientium
653 3637 725 3672 arma
738 3639 792 3673 nou
811 3621 917 3692 impigri
934 3623 1087 3688 collegere:
1107 3635 1161 3671 no·

69 3695 118 3744 atri
138 3709 202 3745 vero
222 3693 308 3749 donec
326 3693 360 3746 ad
378 3695 471 3748 urbem
489 3695 670 3765 appellerent,
689 3695 749 3762 luga
763 3707 869 3761 reurper
889 3693 930 3742 uai
950 3699 1022 3743 aunt.
1059 3687 1094 3740 ad
1115 3707 1162 3740 ur-

68 3761 131 3815 bem
151 3781 262 3848 quoque
293 3768 452 3838 pervenient
479 3767 626 3838 imperator
652 3766 786 3833 iugreaaua
811 3771 861 3825 ert,
885 3770 913 3812 et
932 3771 1023 3832 portua
1044 3759 1161 3811 civitella

67 3835 198 3900 occluart‚
224 3853 259 3888 ne
281 3837 356 3890 inrue
376 3839 510 3890 exercituo
536 3833 649 3906 aliquod
678 3835 777 3886 malum
799 3833 948 3884 moliretur.
986 3831 1092 3898 bulgari
1110 3845 1161 3899 per

66 3907 192 3988 apatiuoa·
217 3907 330 3978 aliquod
361 3907 494 3978 lugientea
519 3906 654 3990 insectati,
683 3913 790 3974 captata
809 3901 937 3986 deincepa
954 3901 1160 3988 pppprtuoitute

64 3973 896 4120 ttttftl‘ltltlre‘tilitl„tf'tltt¹t:¹t„:ll?t
913 3973 1027 4116 illiti:
1042 3983 1075 4096 i:
1089 3987 1162 4114 {lt

64 4117 244 4186 profugerant
257 4121 350 4181 nostri,
369 4120 540 4174 obsidebunt.
575 4119 721 4188 imperator
737 4115 844 4171 domurn
863 4132 923 4168 eum
942 4130 1060 4168 maerore
1079 4113 1162 4166 ilatu-

65 4205 120 4258 qua
139 4189 276 4245 civitatem
296 4191 430 4262 ingreaaua
450 4189 630 4266 patriarcham
651 4187 729 4244 odiit.
772 4185 969 4244 comitabantur
987 4187 1112 4256 magiatar
1131 4189 1163 4236 at
