2776 4612
241 239 294 304 ne
311 237 617 306 messtnoureu
638 240 664 304 u
685 237 842 304 sturnis
863 241 1005 308 curru.
1094 226 1168 304 δυσ

77 393 209 477 Σικελῷ,
230 385 265 454 όν
284 390 339 454 κατ’
357 391 491 473 χνησόοος
515 388 673 472 οιόθόντην
692 387 899 475 ἐπεγράφετο,
919 393 1012 477 ψυχῇ
1033 391 1069 456 δὲ
1091 384 1168 454 ἔαυ-

78 494 131 578 τῷ.
174 487 337 555 ἰνδάλλετο
355 488 418 572 γάρ
443 491 516 572 (oriar
535 486 665 569 οἴδαμεν
686 483 802 572 ὅπως),
822 491 906 554 καθά
927 492 982 554 καί
1001 492 1169 571 προεξεθὲ-

77 595 178 672 μεθα,
200 584 268 668 tua
291 611 324 653 τε
345 590 557 674 ἐκφαίνεσθαί
568 611 641 668 που,
665 588 721 651 κατ’
740 585 858 662 πάντας
879 583 980 664 εόθός
998 586 1073 665 τεός
1092 587 1173 654 Ῥω-

79 691 187 771 μαίων
210 682 400 773 όφθαλμοός
421 690 465 762 εἰς
487 687 584 752 αότόν
606 685 650 762 τός
668 681 757 770 ἥλιον
777 689 1025 773 ἐπιστρέφεσθαι
1038 690 1093 752 κατ’
1112 689 1171 751 ον’.

54 791 138 858 5τοό
158 785 259 869 μόνου
283 789 439 869 γίνεσθαι.

160 881 321 968 Ἐξεῖρψεν
341 878 398 950 οόν
419 883 437 968 ἡ
460 889 584 970 Λατόιη
606 887 648 970 νῆ
666 887 785 970 πλῆθος
805 877 888 948 σάτον
911 883 990 949 πολό
1012 888 1175 967 στρατιάς,

81 985 140 1073 ἀφ’
162 984 273 1052 iuuenci
293 980 376 1069 ἡμᾶς
400 988 564 1071 ἑνφοβοόν.
616 983 671 1048 κατ’
693 982 833 1068 γάνυνται
865 979 976 1059 πάντες
1006 987 1061 1068 τῆς
1079 985 1176 1052 Ἱλλυ-

82 1089 162 1170 ριιδν
185 1083 404 1171 ἤπειράτιδος,
425 1083 445 1170 ἢ
466 1087 647 1169 τερματίζει
665 1082 705 1152 τό
724 1083 891 1165 Ῥωμαίων
911 1083 957 1159 εἰς
970 1082 1027 1148 τόν
1046 1084 1176 1167 Ἀδρίαν

83 1183 214 1250 κόλπον·
262 1181 317 1248 καὶ
346 1183 550 1268 περισχόντες
583 1181 641 1269 τὴν
671 1186 733 1250 ταῖν
769 1184 870 1248 terror
895 1181 1107 1268 μητρόπολιν,
1140 1181 1174 1248 τό

42 1297 74 1348 10
84 1279 294 1366 Δυρράχιον,
316 1283 450 1367 άπονητι*
483 1283 729 1368 άποχειροῦνται
751 1279 806 1346 soi
827 1280 872 1357 σός
891 1283 990 1348 εἰπεῖν
1019 1281 1176 1362 ου’τοβοεό,

83 1381 164 1448 rard
185 1383 244 1463 μὲν
264 1381 319 1447 τόν
333 1377 534 1466 Ἀνδρόνικον
550 1383 651 1468 φάναι
678 1373 911 1468 προδεδαμὲνην
930 1378 983 1445 sirr’
1005 1375 1109 1446 άλλων
1131 1385 1177 1458 εἰς

84 1482 119 1546 τό
149 1485 211 1548 πᾶν
241 1479 341 1566 (σάτον
359 1481 419 1565 γάρ
450 1485 565 1557 ἐκεῖνος
595 1480 769 1564 ἐθεράπευε
796 1479 837 1546 τά
874 1487 940 1546 κατ’
969 1479 1084 1562 σάτόν,
1115 1482 1177 1566 οόχ

84 1579 188 1669 {auspi
208 1582 277 1643 αλλ’
297 1577 413 1663 ἑτάροις
434 1583 621 1665 ἐπιγράφων
641 1577 663 1644 ά
684 1579 853 1663 ἐδυστύχεε
875 1583 917 1646 δι’
940 1581 1040 1647 αότόν
1060 1578 1177 1666 ἦῬοο-
1227 1653 1229 1660 ,

85 1680 162 1760 μαδς
181 1683 256 1764 γῆ),
280 1680 359 1761 πρός
379 1682 414 1746 δὲ
430 1681 584 1766 άλιξθειαν
606 1679 659 1744 sirr'
681 1680 780 1746 αότοό
804 1683 924 1746 ἐκείνου
936 1679 1099 1766 πρόδοτον.
1122 1680 1179 1746 καὶ

46 1777 147 1864 ίῡγάρ
179 1801 227 1844 τοι
256 1777 318 1862 πρό
351 1784 497 1864 βραχέων
524 1781 646 1862 χρόνον
666 1779 829 1860 Ῥωμανόν
848 1803 920 1845 τινα
940 1779 1078 1862 crerier,
1101 1775 1175 1846 όνό

86 1875 181 1952 καλός
205 1871 327 1962 Ἴστρος
348 1881 474 1964 φαύλην
495 1879 671 1962 α’πόρροιαν
706 1862 992 1962 ἐναπερευξάμενος
1016 1881 1062 1955 εἰς
1083 1885 1177 1946 Κιαν-

86 1979 339 2042 σταντινοόπολιν
359 1977 504 2063 γαμβρόν
527 1982 634 2069 ἑνιίνφ
659 1979 839 2065 ἐφυλάξατο
871 1979 906 2044 όν
925 1987 992 2055 τοῖς
1009 1979 1081 2045 τότε
1104 2001 1177 2045 sor-

86 2083 174 2161 ροῖς“,
196 2078 271 2152 τεός
304 2081 337 2142 ἐν
363 2083 406 2166 τῷ
439 2080 614 2166 Δυρραχίῳ
653 2082 831 2155 ἀνθοῦντος
866 2078 1006 2164 ἐμάρανε
1037 2076 1177 2145 πλοότου

86 2175 193 2260 ἔρωτι,
213 2175 319 2253 όπαῖας
340 2174 466 2259 ἐκεῖνος,
488 2181 631 2244 πλουτιόν
662 2174 813 2262 ἄντικρυς
827 2177 872 2244 ’τό
893 2181 1036 2262 τοιαῦτα,
1057 2175 1102 2265 μή
1122 2201 1175 2244 νο.

42 2275 280 2360 λθρεννόμενος.
306 2279 476 2342 terreres»
498 2273 516 2362 'l
540 2278 627 2352 πόλις
647 2281 840 2342 καιτονθεῖσα
859 2281 914 2341 soi
932 2276 977 2362 μὴ
999 2280 1083 2346 πάνυ
1102 2301 1175 2363 γεν-

86 2376 183 2450 ναιίος
202 2378 396 2460 άντισχοόσα
415 2373 519 2458 ἑάλω,
540 2377 595 2442 noi
614 2381 763 2458 μαλακαῖς
783 2367 902 2440 ἔπαθεν
926 2381 1121 2462 ἐμπρησμοῖς
1141 2399 1175 2443 τι

88 2477 281 2575 κατ’,λοιποϊς
301 2486 416 2558 κακοῖς,
435 2473 537 2543 ὁπόσα
558 2485 648 2582 φιλεῖ
659 2477 866 2562 ἀνδρίζεσθαι
885 2476 1021 2558 πόλεμος
1042 2479 1083 2540 ου’
1104 2501 1176 2562 στη-

89 2749 196 2806 εῑαῑεια,
214 2750 245 2795 nt
264 2743 409 2797 simulabat
423 2743 551 2816 quidem,
570 2744 663 2807 Siculi,
685 2760 765 2814 quem
782 2759 847 2796 senc
864 2744 1014 2814 principem
1032 2742 1085 2795 sibi
1106 2743 1176 2798 lere-

89 2813 147 2876 bac,
162 2811 210 2864 red
228 2831 320 2868 revere
340 2833 413 2868 suoru
428 2817 521 2886 ipsius,
539 2813 696 2868 redacturus
717 2831 785 2868 erse·
821 2817 922 2868 etenim
940 2816 1043 2876 neseio,
1061 2831 1176 2884 quomo·

89 2883 126 2937 do
148 2884 248 2938 factum
264 2887 308 2949 sit,
328 2895 359 2939 ut
377 2887 543 2958 opinaretur,
564 2884 788 2958 quemadmodum
806 2901 885 2956 supra
897 2886 1079 2955 exposuimus,
1096 2888 1177 2940 simu·

89 2955 185 3025 iretque
213 2959 398 3028 apperuisset,
430 2958 550 3010 omnium
569 2958 660 3010 statim
685 2957 778 3010 oculor
805 2959 984 3008 Romanorum
1002 2958 1032 3008 in
1051 2965 1178 3012 semetut

90 3028 177 3080 solem
196 3043 352 3080 conversum
371 3029 403 3078 iri
423 3038 451 3080 et
468 3029 520 3080 sibi
539 3029 590 3080 soli
611 3027 770 3082 inhaesuros
788 3043 854 3080 esse.

160 3097 254 3150 Emisit
272 3097 355 3164 igitur
373 3106 443 3151 terru
454 3100 547 3152 butino
566 3107 667 3152 tentum
684 3099 802 3150 militnm
820 3097 1031 3161 multitudinem,
1050 3113 1120 3169 quae
1137 3116 1179 3150 ια-

92 3171 126 3222 tis
141 3186 191 3222 αοι
219 3170 400 3222 terrefaceret
444 3172 599 3236 cougregati
623 3187 715 3222 omnes
739 3171 768 3221 iu
793 3169 948 3235 lllyriorum
964 3185 1060 3236 egros,
1078 3169 1178 3238 quibus

92 3241 235 3310 imperium
254 3240 401 3290 Romanum
427 3239 462 3290 ed
481 3242 568 3291 sinum
592 3241 756 3292 Adriaticum
783 3242 958 3301 terminetur,
975 3238 1103 3290 obsident
1121 3241 1179 3291 eius

93 3312 216 3379 regiones
236 3308 329 3362 urbem
355 3309 567 3378 Dyrrhachium,
594 3329 624 3364 nc
643 3312 716 3378 ftcili
742 3327 824 3380 opera
842 3319 870 3362 et
888 3311 938 3362 sub
958 3327 1074 3373 menum,
1092 3318 1124 3362 ut
1141 3311 1179 3360 itu

92 3381 188 3444 dicem,
209 3389 374 3449 expugnent,
390 3381 534 3452 proditam,
552 3389 584 3435 ut
603 3374 770 3435 Androdicus
801 3381 911 3452 quidem
929 3379 1047 3446 dicebat,
1064 3379 1099 3430 ab
1118 3381 1180 3432 eliis

94 3455 204 3506 omnino
225 3451 345 3522 (solebat
371 3453 441 3504 euim
460 3455 498 3506 ita
516 3453 565 3506 llle
583 3469 624 3504 res
642 3469 701 3506 sune
731 3455 909 3514 constituere,
928 3460 959 3504 ut
976 3469 1032 3504 nou
1049 3450 1110 3514 sibi,
1132 3449 1180 3503 sed

93 3523 154 3576 eliis
172 3523 344 3585 attribueret,
363 3525 385 3574 si
405 3523 473 3594 quid
492 3525 648 3578 detrimenti
667 3541 715 3593 per
736 3541 798 3576 eum
817 3525 933 3594 cepisset
951 3531 1021 3574 terre
1040 3523 1180 3591 Romane),

93 3593 141 3646 sed
161 3611 252 3648 cerere
270 3593 305 3646 ob
325 3595 385 3665 ipso
403 3595 545 3664 proditam.
583 3596 683 3648 etenim
700 3595 782 3664 poulo
804 3603 868 3646 aute
886 3595 967 3645 misso
985 3591 1180 3658 Dyrrhachium

94 3667 214 3718 Romano
231 3664 357 3735 quodum,
378 3665 450 3735 quod
469 3675 566 3720 tetrum
586 3668 792 3719 eiectamentum
803 3665 907 3735 Cpolim
929 3662 1049 3716 deletum
1068 3661 1181 3732 pulcher

95 3735 147 3786 iste
165 3736 233 3787 leter
249 3753 376 3804 generum
396 3735 547 3789 Andronico
574 3737 610 3792 td
634 3736 704 3788 illud
722 3746 826 3804 tempus
847 3740 1002 3796 asservaret,
1020 3733 1181 3786 exhauserut

95 3803 211 3872 subinde
230 3809 413 3876 opulentiores
432 3809 532 3859 iucolus
544 3807 662 3860 habendi
677 3806 833 3876 cupiditate,
852 3822 905 3876 qua
925 3811 991 3867 erat,
1010 3807 1180 3926 punctumrls

95 3877 148 3929 isto
168 3875 249 3928 modu
261 3877 402 3943 ditescens,
418 3878 575 3932 insatiabili.
614 3877 685 3930 unde
700 3877 843 3947 depravate
862 3894 911 3928 uec
932 3873 1010 3928 edruo
1032 3891 1075 3926 usu
1096 3893 1178 3945 gene-

97 3963 156 4000 rose
175 3948 262 3998 renisn
282 3951 374 4002 civiter
393 3960 528 4022 eccepto,
548 3959 577 4002 et
594 3947 764 4002 muliebriter
782 3946 916 3999 incendiis
934 3947 1084 4017 ceterisque
1103 3948 1180 4000 melis

98 4033 175 4088 pesse
203 4025 261 4080 est,
280 4037 349 4088 quoe
368 4021 444 4084 ,bello
467 4022 552 4089 infligi
571 4022 670 4082 solent,
688 4019 763 4089 quod
783 4037 842 4072 non
856 4026 1029 4082 cessaturum,
1048 4017 1096 4070 sed
1114 4035 1180 4090 pro-

97 4106 249 4153 gressurum
277 4099 301 4142 et
322 4092 440 4162 reliquos
465 4093 592 4163 deinceps
612 4099 714 4162 terrore
734 4107 919 4164 percussurum
942 4097 1005 4142 erut.
1034 4091 1072 4142 itu
1098 4091 1180 4160 igitur
