2756 4620
219 345 290 422 ale
507 325 682 438 [moure
710 321 1006 435 onrrurlrrcr]

215 513 274 574 θεν
307 508 447 588 α’ξίιυμα,
485 505 607 576 εύθέως
641 503 781 583 έκείρατο
802 497 858 584 τήν
879 498 979 586 κόμην
998 503 1053 566 καί
1070 499 1104 566 τό
1125 501 1244 584 γένειον
1264 503 1312 589 τῷ

214 610 369 694 βασιλικῷ
402 603 554 688 σχήματι.
604 597 685 682 μετά
710 603 746 665 δέ
771 625 843 664 τινα
870 600 986 685 χρόνον
1015 598 1190 686 στρατηγόν
1209 599 1313 666 αύτόν

213 707 270 774 τόν
293 710 434 786 Κρίσπον
454 699 682 774 Καππαδοκίας
701 701 844 784 ἐποίησεν
864 698 880 762 ό
901 695 1062 782 βασιλεύς,
1083 699 1246 764 α’πέστειλε
1269 701 1311 764 δὲ

215 803 505 891 φιλοφρονούμενος
523 799 623 864 αύτόν
644 801 822 878 πάμπολλα.
844 795 914 863 ἐκεῖ
925 801 1030 864 τοίνυν
1051 797 1200 864 tartede
1219 800 1311 863 έλοι-

215 902 304 987 δόρει
319 899 516 983 Ἡράκλειον,
536 899 592 962 καί
610 898 783 981 α’νταρσίαν
802 896 934 978 ἐμελέτα
954 902 1024 963 κατ’
1045 897 1156 962 αύτυύ.
1199 895 1337 970 ε’λθοόνὸ

214 1006 251 1068 δὲ
279 1005 313 1068 έν
346 997 677 1066 Κωνσταντιναυπόλει
706 995 769 1082 ἔφη
805 996 885 1080 πρός
918 994 1015 1062 αύτόν
1044 997 1241 1083 όβασιλεύς,
1262 997 1308 1062 τοὶ

214 1109 282 1170 κατ’
311 1103 412 1166 αύτοό
431 1101 633 1183 γεγραμμένα
654 1099 779 1180 κρατῶν
809 1095 863 1162 έπί
881 1095 1018 1182 χάρτου,
1040 1095 1096 1162 aaa*
1115 1096 1252 1178 κρούσας
1272 1101 1311 1164 έν

214 1205 254 1288 τῇ
274 1203 397 1288 κεφαλῇ
424 1199 526 1263 usiani
554 1196 607 1262 έαὶ
625 1199 681 1282 τής
703 1192 877 1280 συγκλήτου
897 1193 960 1281 ἔφη
991 1199 1200 1282 “ταλαι’παρε,
1222 1221 1310 1280 γαμ-

213 1299 293 1382 βρόν
315 1303 372 1362 ούκ
393 1300 560 1382 ἐποίησας,
590 1299 646 1360 καί
674 1298 741 1370 πῶς
770 1289 810 1358 άν
831 1299 924 1380 palor
951 1297 1059 1380 α’λήδή
1090 1289 1310 1380 ποιήσειας,·”

214 1393 285 1464 εἶτα
305 1395 452 1482 κλήρικόν
484 1396 583 1461 αύιόν
612 1393 746 1478 ποιήσας
766 1395 801 1458 έν
827 1394 867 1482 τῇ
885 1397 966 1482 μονή
986 1397 1040 1481 τῆς
1059 1395 1168 1480 χώρας
1189 1393 1362 1481 nepoti-10

214 1524 312 1586 ριαεν,
336 1503 369 1562 έν
386 1489 410 1582 ᾖ
428 1497 484 1559 καί
503 1493 711 1578 ἐτελεύτησεν.

301 1593 340 1662 Οἱ
364 1597 399 1660 δέ
420 1599 550 1678 Πέρσαι
573 1596 752 1676 παρέλαβον
774 1591 830 1676 τήν
842 1590 1073 1658 Καππαδοκίαν
1093 1595 1150 1658 καί
1169 1590 1309 1678 τήνΔα-

213 1695 337 1780 μασκόν
357 1694 411 1760 καί
438 1691 497 1776 τήν
517 1694 737 1776 Παλαιστίνην
767 1692 821 1756 καί
839 1691 896 1776 τήν
918 1693 1012 1776 ἁγίαν
1032 1691 1132 1778 πόλιν,
1153 1695 1208 1758 καί
1227 1701 1309 1759 πολ-

214 1796 273 1872 λάς
293 1792 456 1880 μυριάδας
474 1790 527 1856 διά
549 1789 658 1875 χειρός
678 1793 740 1856 τῶν
758 1789 919 1856 Ἰουδαίαν
933 1793 1150 1877 Χριστιανούς
1173 1795 1309 1880 α’νεῖλον,

213 1893 467 1983 ήχμαλάτευσαν
496 1894 532 1956 δὲ
560 1889 616 1954 καί
638 1896 808 1973 Ζαχαρίαν
832 1891 888 1955 τόν
908 1890 1111 1977 πατριάρχην
1131 1889 1308 1974 Ἱεροσολύ-
1321 1911 1361 1964 15

213 2017 307 2076 μων,
336 1991 392 2054 καί
414 1989 452 2054 τά
473 1993 562 2070 τίμια
583 1989 662 2068 ξύλα
688 1987 802 2071 ἔλαβον
828 1992 883 2054 καί
909 1991 942 2054 έν
963 1993 1103 2074 Περσίδι
1124 1986 1308 2075 άπήγαγυν·

214 2087 367 2166 οόσαότιος
398 2093 577 2175 παρέλαβον
599 2087 764 2172 Αἴγυπτον
791 2087 845 2154 καί
865 2085 993 2176 Λιβύήν
1025 2093 1081 2154 καί
1107 2093 1166 2166 ἕως
1186 2097 1312 2158 Aidon-

213 2191 308 2273 πίας,
327 2183 426 2273 ἦλθον
448 2189 483 2252 δὲ
504 2191 559 2252 καί
588 2189 648 2264 ἕως
671 2187 891 2272 Καλχηδόνος,
907 2188 963 2253 καί
979 2187 1096 2276 ταύτην
1117 2195 1312 2274 παρέλαβον.

215 2291 379 2353 άπὲοτειλε
402 2289 437 2352 δὲ
468 2283 485 2350 ό
505 2285 655 2369 βασιλεύς
677 2283 864 2372 Ἡράκλειος
890 2291 1038 2372 πρέσβεις
1058 2287 1138 2372 πρός
1159 2288 1312 2376 Χοαρύήν

194 2386 397 2468 ἀἰτούμενος
422 2385 563 2470 εἰρήνην·
613 2385 686 2450 itt
709 2386 839 2462 τούτους
870 2389 1077 2470 ἀπεπέμψατο
1106 2387 1238 2473 είρηκιός
1259 2391 1361 2460 “ea'20

214 2483 385 2570 α’ρνήσεται
409 2483 426 2548 δ
446 2485 596 2568 βασιλεύς
612 2484 701 2565 ύμαῑν
719 2483 773 2550 τόν
794 2486 1034 2576 ἐσταυρωμένον
1056 2489 1111 2552 καί
1129 2491 1310 2574 προσκυνή.

107 2605 109 2612 ’
214 2610 264 2654 σει
286 2588 329 2672 τῷ
348 2581 434 2674 ήλίιρ,
456 2589 537 2648 παιοό
558 2581 711 2670 εἰρήνην.”
754 2582 1005 2686 έπεστράτευσαύ
1024 2589 1060 2652 δέ
1080 2584 1136 2652 καί
1156 2585 1188 2654 οἱ
1208 2589 1311 2671 ’Λβά-

139 2733 148 2756 .
214 2709 281 2770 ρεις
303 2683 383 2748 κατά
411 2687 464 2768 τῆς
488 2683 617 2758 πόλεως.
667 2681 760 2758 εἶδός
784 2687 820 2747 δὲ
839 2685 1026 2768 Ἡράκλειος
1047 2684 1120 2764 τούς
1143 2693 1311 2774 περιέχον·
1336 2684 1340 2701 ’

216 2807 274 2859 τας
297 2783 386 2872 αύτήί
405 2780 602 2865 πανταχόθεν
630 2787 805 2868 πολέμους,
833 2784 998 2849 άπέστειλε
1019 2783 1100 2871 πρός
1119 2787 1238 2864 αύτούς
1259 2792 1310 2857 εἰ.

117 3115 123 3130 ,
218 3065 341 3136 Crispum
360 3063 546 3134 Cappadociae
565 3066 659 3118 ducem
674 3067 740 3119 lecit
759 3085 819 3136 rex;
837 3069 911 3124 misit
928 3077 1017 3122 autem
1039 3087 1099 3122 eum
1112 3069 1231 3140 benigne
1248 3080 1310 3126 tra-

218 3147 327 3189 ctatum.
364 3137 431 3187 illuc
451 3135 583 3190 decedens
600 3140 742 3192 maledixit
759 3141 883 3192 Heraclio
905 3151 933 3194 et
953 3142 1115 3196 seditionem
1133 3153 1224 3196 contra
1242 3163 1308 3199 eum

216 3207 389 3261 moliebatur.
425 3211 536 3260 veniens
560 3213 649 3262 autem
679 3212 854 3263 Constantino
876 3213 933 3266 olin
956 3221 1048 3264 contra
1074 3229 1135 3264 enm
1159 3213 1229 3267 dixit
1250 3233 1309 3284 rex,

217 3297 249 3332 ea
269 3295 338 3350 quae
354 3285 446 3330 contra
475 3297 535 3332 eum
552 3282 648 3350 scripta
678 3289 770 3344 eraut,
789 3283 818 3333 in
843 3233 935 3336 τάττει
954 3290 1049 3336 teneas
1073 3292 1101 3336 et
1121 3287 1309 3355 caputipaius

215 3352 346 3422 plangens
360 3354 388 3401 in
406 3361 511 3402 senatu.
548 3353 673 3415 “mima’'
691 3354 791 3422 inquit,
812 3361 957 3422 “generum
973 3371 1029 3406 non
1048 3353 1147 3417 fecisti,
1165 3357 1307 3425 quomodo

215 3437 307 3473 serum
336 3423 450 3472 amicum
476 3421 610 3474 leceris?''
652 3421 750 3474 deinde
779 3423 906 3476 clericum
933 3425 1032 3477 lactum
1052 3425 1083 3478 in
1110 3429 1308 3482 monasterium

215 3500 304 3544 terrae
322 3507 382 3542 eum
401 3491 544 3559 ablegavit,
563 3493 610 3544 ubi
627 3503 745 3545 mortuus
764 3501 814 3544 est.

285 3563 380 3614 Persae
405 3569 537 3632 ceperunt
564 3563 762 3633 Cappadociam
791 3571 819 3616 st
845 3564 1004 3618 Damascum
1032 3573 1061 3619 et
1078 3567 1257 3620 Palaestinam
1277 3577 1308 3622 et

215 3633 309 3686 urbem
333 3650 433 3686 sacram
452 3635 593 3704 multaque
620 3635 706 3686 millia
723 3633 934 3688 Christianorum
960 3651 1009 3708 per
1027 3637 1138 3692 ludasoa
1156 3639 1309 3692 intersece-

216 3714 287 3769 runt,
306 3711 437 3775 ceperunt
463 3721 526 3757 vero
545 3705 625 3757 etiam
643 3704 793 3756 Zachariam
817 3705 996 3775 patriarcham
1012 3707 1259 3777 Hierosolymorum
1278 3719 1309 3764 et

215 3775 287 3844 ligna
305 3793 379 3828 sacra
398 3781 474 3844 rapta
501 3776 530 3825 in
549 3774 683 3827 Persidem
700 3775 885 3842 abstulerunt,
911 3777 1005 3830 eadem
1031 3780 1136 3832 ratione
1154 3782 1308 3852 Aegyptum

215 3853 244 3895 et
261 3846 370 3912 libyam
389 3863 474 3916 nsque
498 3845 532 3896 ad
548 3845 720 3916 Aethiopiam
747 3857 944 3917 expugnarunt,
959 3859 1148 3920 veneruntque
1167 3869 1253 3922 usque
1271 3852 1308 3904 ad

215 3915 413 3968 Chalceslonern
435 3932 549 3985 eamque
567 3925 704 3985 ceperunt.
742 3917 816 3969 misit
844 3919 984 3972 Heraclius
1003 3937 1050 3974 rex
1064 3938 1147 3974 ‘senes
1165 3922 1199 3974 ad
1220 3922 1309 3975 Chos-

215 4001 299 4048 ruem,
316 3989 363 4056 qni
383 4003 475 4055 pacem
493 3995 626 4055 peterent.
662 3988 712 4038 ille
728 4004 791 4040 sero
813 4004 859 4040 eoa
879 3991 984 4043 remisit
1000 3991 1110 4044 dicente
1131 3994 1173 4044 “ai
1194 4011 1241 4046 aex
1258 4011 1308 4046 ve-

215 4064 272 4106 ster
289 4057 443 4108 crucifixum
474 4056 589 4120 deseret,
614 4065 642 4108 et
662 4059 750 4110 solum
769 4058 952 4122 venerabitur,
971 4077 1064 4130 paoem
1085 4064 1205 4116 saciam.''
1240 4081 1308 4134 pro-

216 4125 280 4176 tecti
301 4135 364 4178 eunt
383 4143 446 4178 vero
465 4129 546 4178 etiam
565 4128 642 4182 Avari
662 4136 755 4180 contra
776 4129 880 4184 urberrr.
916 4132 1065 4196 Heraclius,
1083 4151 1165 4204 quum
1184 4135 1309 4206 undique

215 4213 245 4250 τε
264 4195 339 4248 bello
366 4195 572 4252 circumuentum
604 4195 717 4264 rideret,
735 4198 808 4252 misit
824 4199 859 4253 ad
879 4217 944 4267 eoa,
961 4203 1018 4274 iqui
1047 4221 1140 4275 pacem
1163 4215 1305 4276 peterent,
