2750 4602
240 249 295 312 nn
311 243 613 312 massinourca
633 245 661 309 a
681 245 838 316 asnrurs
856 244 1000 311 carru
1088 212 1160 290 4⁷7

72 401 133 476 τοὶς
154 399 290 483 οἰκήσεις
309 401 363 483 τῆς
383 399 519 483 πόλεως,
540 397 595 474 τὰς
614 399 673 477 μέν
694 399 823 478 μείζους
845 394 923 462 uacci
947 393 1089 483 κεφαλδς
1109 394 1165 462 κατ’

72 493 146 563 ἐσσι
165 501 242 579 περέ
265 498 385 582 adroic,
418 494 477 573 τύς
510 497 547 562 δέ
565 493 711 572 ἐλάττους
736 494 818 560 aurci
838 519 926 572 τινας
943 493 1015 571 ἐλας
1036 489 1162 577 ἐτέρας,

73 593 168 672 έσαις
198 591 237 682 ἢν
264 593 442 679 σύμμετρον
466 593 502 661 τὸ
536 595 712 675 κατάλυμα.
761 595 816 658 κατ’
843 593 877 658 τέ
902 598 1049 660 ἐντεῦθεν
1070 594 1163 660 αύτοί

72 699 135 778 μέν
156 688 238 779 ἦσαν
259 694 351 762 οἴκτων
369 693 463 782 εἴσω,
484 695 520 762 τό
546 697 582 760 δέ
611 690 772 759 πολιτικὸν
792 687 878 760 ἅπαν
897 693 1045 779 σύστημα
1066 695 1164 759 ἐπλά-

42 799 168 876 5ζετο,
199 798 234 862 ἐν
254 789 300 872 οἷς
322 797 377 860 κατ’
398 796 498 880 ἡμεῖς.
554 797 609 860 κατ’
629 791 663 859 τύ
693 796 753 874 μέν
772 792 936 876 βάρβαρον
956 795 1083 875 ἐνέμετο
1104 791 1163 870 τὰς

73 899 124 962 ἐπ’
146 894 239 962 οἴκων
256 899 406 976 ἐνθέσεις,
427 895 456 960 οἳ
478 897 514 960 δέ
535 893 753 958 οἶκοδεστιόται
774 888 968 976 α’πελὴλαντο
988 891 1043 958 κατ’
1057 915 1160 976 napae·

73 991 209 1060 νύστουν
229 986 293 1060 ὦδε
314 997 408 1058 ariaci
423 997 586 1070 πεινῶντες
603 995 758 1074 διψοδντες
778 989 942 1078 ῥιγοῦντες,
962 985 1011 1056 ὅτι
1030 994 1084 1056 κατ’
1103 1015 1162 1076 μυ.

72 1096 156 1173 μνοέ.
200 1096 254 1159 καιΙ
284 1092 351 1157 εἴθε
378 1095 437 1174 μὲν
455 1095 586 1177 γυμνοί,
607 1089 649 1166 ὥς
670 1083 708 1155 ι’ύν
728 1113 791 1155 που
813 1088 869 1156 κατ’
887 1091 1022 1156 ἐλεοῖντο
1042 1093 1078 1156 ἐκ
1097 1093 1162 1155 aar

71 1191 325 1276 γυμνωσύντοον·
378 1195 435 1257 νύν
464 1193 501 1256 δέ
519 1191 723 1278 σοφιζόμενον
747 1188 804 1275 την
825 1187 951 1256 ἔνδυσιν
972 1187 1025 1256 διδ
1046 1189 1081 1255 τύ
1103 1182 1163 1254 dl·-

22 1307 63 1360 10
73 1298 137 1366 λοος
160 1292 226 1356 κατ’
250 1285 327 1372 ὄψιν
349 1289 483 1374 αέσχρύν
504 1291 560 1354 ada
582 1284 775 1374 εἷχονέλεον,
798 1281 845 1366 οἷς
864 1292 921 1372 τῆς
934 1285 1068 1374 α’νύγκης
1089 1287 1163 1354 ἐκοί-

71 1390 189 1476 στιμ,εέ
200 1388 256 1453 κατ’
274 1384 419 1471 iratior,
440 1383 508 1456 ἄλλ’
532 1383 588 1456 ade
601 1387 672 1454 raud
691 1387 808 1474 στολὴν
820 1384 1026 1474 ἐφοσιούσης,
1051 1383 1164 1454 δποέαν

71 1485 153 1553 turia
174 1485 191 1550 d
220 1492 279 1568 μέν
299 1486 361 1568 ἔξω
384 1491 521 1565 πένθους
540 1487 670 1572 γελάσαι
695 1482 736 1554 ἐν
756 1485 810 1554 διὰ
833 1487 866 1554 τύ
887 1484 1123 1573 σκηνικούτερον,
1144 1485 1162 1551 ὅ

70 1588 110 1651 δέ
131 1587 376 1670 συγγεγευμένος
404 1591 463 1652 τού
491 1587 617 1662 πάθους
642 1589 700 1652 ούκ
731 1579 771 1652 ἐν
803 1583 929 1670 δκνὴσοι
946 1585 992 1670 μὴ
1016 1587 1162 1652 ἐκθανεῖν

70 1682 276 1766 λυπούμενος.
328 1683 483 1774 ἐτρύπησέ
501 1711 551 1763 τις
577 1691 709 1772 ψέαθον,
727 1689 783 1752 aui
802 1687 1048 1769 περιβαλόμενος
1070 1681 1222 1769 ἕκρυ-υοθ

25 1799 131 1852 saura
153 1784 244 1867 μόγις
261 1784 320 1870 τη“ν
341 1786 499 1869 προσθέαν
517 1789 679 1872 αἰσχύνην,
702 1787 758 1852 κατ’
776 1783 884 1872 »lydae
907 1780 990 1850 ούτοο
1010 1781 1160 1868 καλυψά-

69 1908 172 1970 μενος,
194 1884 356 1966 εύδαέμων
377 1885 475 1962 ου’τές
500 1889 537 1974 τῇ
565 1885 645 1968 πρὸς
673 1882 800 1972 ἐτέρους
819 1885 1007 1973 παραβολῇ,
1027 1880 1097 1950 δ’σοι
1121 1883 1158 1950 τέ

8 1971 10 1988 ’
69 1983 151 2050 κατὰ
179 1993 274 2070 χεῖρα
301 1989 400 2070 θέναρ
427 1987 483 2050 κατ’
513 1984 553 2050 τοὶ
587 1985 726 2051 δυ’κτυλα
757 1984 842 2050 καθαΙ
862 2010 892 2050 τι
924 1987 1159 2070 παραπέτασμα

70 2087 278 2170 προθέμενοι,
299 2087 354 2149 καί
374 2083 564 2168 κρύπτοντες
583 2079 662 2170 ἅπερ
686 2087 791 2171 ἐχρῆν,
815 2084 976 2169 η’ρκούντο,
996 2083 1041 2169 μη“
1063 2081 1158 2166 ἔχον-

71 2207 124 2258 τες
147 2179 166 2246 ὅ
186 2209 216 2248 τι
248 2183 343 2248 πλέον
369 2181 534 2266 δράσουσι.
589 2183 645 2248 καέ
676 2175 713 2269 ἦν
737 2187 796 2264 μέν
826 2189 878 2248 καέ
909 2183 988 2250 neira*
1022 2186 1063 2248 ου’
1080 2187 1159 2262 θέας

21 2274 177 2358 illiditur·
219 2283 250 2348 εέ
280 2284 316 2347 δέ
342 2285 397 2346 κού
416 2292 561 2366 γυναῖκες
580 2286 636 2348 τού
659 2281 783 2358 πάθους
800 2281 984 2348 ἐκοινώνουν
1000 2285 1108 2367 τοῦδε,
1128 2281 1165 2348 τέ

71 2379 112 2466 δη
136 2379 275 2462 ἔλαμπεν
300 2377 389 2464 ἥλιος
410 2383 453 2458 dc
474 2384 528 2446 κατ’
544 2385 676 2448 τοιαύτα
695 2384 859 2461 καθορᾶνς
892 2382 961 2447 ἀλλ’
982 2379 1079 2456 adada
1098 2383 1159 2462 μέν

69 2475 154 2563 εἶχεν
174 2475 276 2556 ἄλλοις
296 2482 522 2546 ἐνδεέκνυσθαέ
530 2507 558 2546 τι
579 2479 682 2562 καλόν,
701 2483 857 2565 ἐκτρέπων
876 2477 952 2556 τούς
964 2480 1076 2555 αύταδς
1088 2481 1160 2544 aaa·

70 2583 254 2667 βριζοντας·
277 2578 294 2644 δ
320 2583 355 2648 δὲ
377 2579 475 2646 ἐπιών
494 2579 624 2666 ἕσπερος
645 2579 795 2646 πάνδεινα
817 2581 929 2664 ἐποίει,
949 2578 1060 2646 σκότον
1080 2601 1161 2665 προ-

71 2781 143 2836 quae
162 2771 289 2818 terrorem
310 2766 437 2830 lacerent,
456 2773 484 2818 et
501 2765 644 2835 aspernati,
665 2781 744 2834 porro
758 2765 808 2816 sub
824 2763 886 2816 δέκα
905 2763 1011 2827 cubare,
1027 2763 1159 2836 impleve-

74 2845 138 2887 runt
157 2835 293 2907 intrepide
315 2838 408 2890 domos
429 2836 513 2902 urbis,
532 2845 559 2888 et
577 2853 683 2904 magnas
704 2835 813 2906 quidem
833 2836 932 2904 singuli
950 2837 1080 2906 primores
1098 2851 1159 2887 cum

73 2905 233 2970 comitibus,
260 2910 367 2976 exiguas
400 2909 566 2978 promiscuae
595 2915 744 2958 ceterorum
771 2914 909 2968 catervae,
943 2915 1056 2976 quantae
1086 2913 1158 2959 tenta

72 2987 207 3047 caperent.
256 2978 320 3030 inde
346 2979 389 3028 illi
417 2979 446 3028 in
466 2977 588 3030 domibus
608 2975 785 3038 habitabant,
803 2977 889 3028 omnis
914 2977 992 3028 turba
1011 2977 1109 3029 civium
1128 2978 1157 3030 in

72 3049 171 3118 quibas
204 3065 252 3099 nos
279 3065 388 3118 quoque
407 3065 529 3110 eramus,
558 3045 811 3115 circumvagabatur.
850 3046 956 3097 barbari
978 3047 1157 3100 absumebant

72 3135 177 3172 omnem
198 3119 252 3170 cibi
278 3119 399 3188 copiam,
418 3118 523 3172 damini
545 3119 651 3189 expulsi
669 3116 720 3170 hac
737 3119 801 3170 illac
819 3117 1013 3180 circumibant,
1034 3119 1156 3170 esurien-

72 3199 126 3252 tes,
144 3190 281 3251 sitientes,
302 3191 434 3258 rigentes,
453 3191 556 3260 quippe
584 3191 631 3259 qui
660 3189 741 3240 etiarn
769 3187 843 3240 nude
871 3197 975 3240 essent:
997 3189 1062 3260 quin
1086 3189 1155 3252 imo,

72 3262 174 3314 utinam
191 3259 258 3310 nudi
281 3259 410 3322 luissent,
431 3279 486 3331 quo
515 3259 725 3312 misericordiam
756 3275 865 3321 eorum,
882 3261 930 3330 qui
948 3275 993 3311 eoa
1012 3259 1155 3322 nudarant,

72 3333 246 3396 excitasseut3
267 3329 315 3381 aed
335 3332 458 3384 restitum
484 3332 705 3400 excogitaverant,
734 3347 768 3383 ne
788 3329 904 3400 puderet
922 3347 950 3381 ae
968 3330 1086 3399 adspici,
1105 3345 1156 3380 nee

70 3403 214 3454 movebant
231 3401 448 3464 misericordiam,
467 3402 569 3473 quippe
587 3402 747 3453 necessitate
768 3401 915 3472 unicuique
929 3409 1038 3462 vestem,
1058 3401 1155 3452 etiam·

72 3475 93 3524 si
113 3473 245 3534 alienam,
265 3482 294 3524 at
312 3481 413 3524 vestem
434 3481 522 3524 tamen
541 3473 748 3544 suppeditante,
766 3489 846 3541 quana
864 3472 888 3523 ai
907 3473 967 3541 quis
987 3472 1090 3524 videret
1107 3487 1156 3523 ea·

72 3553 113 3595 tra
131 3545 232 3594 cladem
254 3544 432 3605 constitutus,
451 3547 550 3594 risurus
573 3553 631 3596 erat
654 3544 784 3594 scenicam
801 3543 938 3612 speciem,
957 3543 1004 3594 aed
1023 3544 1154 3595 iniseriam

73 3623 100 3664 et
117 3615 174 3732 ipse
194 3625 318 3684 expertus
338 3615 383 3666 vix
410 3631 438 3664 ae
462 3622 656 3675 contenturus,
675 3613 820 3682 quominus
847 3629 912 3683 prae
930 3611 1025 3665 dolere
1044 3615 1152 3682 periret.

72 3685 218 3753 peroravit
235 3685 334 3756 aliquis
363 3701 467 3736 saccum
487 3687 626 3746 iuuceum,
647 3701 701 3754 quo
726 3683 897 3735 circumiecto
918 3683 963 3733 vix
983 3691 1085 3750 tegeret
1105 3701 1154 3752 pu-

74 3751 170 3815 denda,
189 3754 392 3826 laetabaturque
412 3763 619 3824 eotegurnento,
634 3753 741 3813 beatus,
761 3755 782 3804 si
804 3771 877 3804 auam
895 3771 954 3804 cum
976 3755 1035 3806 aliia
1054 3762 1153 3806 sortem

73 3833 244 3892 compararet,
264 3827 310 3896 qui
330 3829 418 3895 palma
438 3843 531 3877 manus
550 3825 697 3895 digitisque
715 3833 841 3892 tanquam
858 3823 987 3894 operculo
1009 3826 1154 3894 praetentis

72 3895 196 3956 membra,
216 3911 282 3964 quae
293 3899 347 3966 tegi
366 3898 452 3960 decet,
472 3895 645 3965 obtegebant,
666 3912 746 3964 quum
764 3913 819 3946 non
833 3893 971 3950 haberent.
991 3895 1063 3965 quod
1074 3913 1153 3966 prae·

73 3977 143 4020 terea
162 3965 332 4018 adhiberent.
353 3969 553 4038 indignusaane
572 3967 619 4018 ille
641 3965 783 4036 adspectus
803 3974 876 4030 erat,
895 3983 977 4034 quum
998 3983 1059 4018 vero
1075 3967 1153 4018 etlam

72 4054 134 4091 sane
152 4036 280 4088 ιπιιλίοτει
299 4039 356 4090 eius
374 4041 495 4092 miseriae
510 4040 652 4110 participes
670 4045 768 4100 esseut,
782 4037 846 4106 quial
865 4035 973 4088 tandem
986 4039 1026 4089 sol
1045 4036 1154 4089 lucebat

73 4118 99 4163 et
120 4109 170 4162 ista
189 4107 332 4162 cernebat!
358 4109 405 4161 aed
425 4119 514 4163 tamen
535 4119 600 4174 erat,
619 4108 692 4180 quod
714 4108 763 4160 ille
780 4105 850 4161 bene
869 4107 978 4172 iaceret,
997 4107 1153 4179 dispellens,
