2750 4602
207 247 280 318 518
445 249 503 314 hl)
530 248 695 313 LEONEM
728 243 1041 312 GRAMMATICUM

202 410 456 494 Ἆμεραμνσανῆ.
499 403 580 490 α’τιὲρ
600 399 636 490 ἧς
655 407 777 490 ἐγένετο
791 407 912 472 lullus
933 403 988 470 «lsai
1001 405 1197 488 γραμμάτων
1218 429 1311 488 sapa„

204 497 385 578 τρέψασθαι
401 491 582 576 ἀναχωρεῖν
603 491 656 556 τόν
678 490 836 575 Θεόφιλον
856 493 892 556 ἐκ
913 491 969 572 τῆς
989 489 1140 572 πατρίδος
1157 489 1281 556 orlani.

288 617 329 682 30
369 619 431 682 tria
454 618 657 680 continuator
679 613 822 680 adversus
842 635 944 678 sacras
961 615 1106 699 imagines
1125 615 1310 699 impiorum

207 705 435 786 imperatorum
465 703 568 764 edicta
601 699 745 784 profert,
768 701 795 760 1.
840 701 983 762 aLeone
1006 703 1123 777 hauno,
1142 711 1179 760 ut
1200 705 1309 763 sancti

206 807 319 849 nomen
345 807 504 870 nunquam
526 785 583 846 illis
605 785 842 868 appingeretur,
863 791 918 844 aut
941 783 973 846 id
994 781 1065 846 illae
1085 793 1307 865 vocarentur;

206 869 291 954 quod
312 870 362 931 dei
383 871 550 952 proprium
572 867 708 948 diceret,
728 878 763 929 ut
790 867 830 928 sit
853 887 889 928 ae
909 865 1032 928 dicatur
1052 877 1184 929 sanctus.
1230 875 1264 934 2.
1287 892 1306 929 a

204 953 355 1016 lllichaiile
375 951 542 1036 Theophili
565 959 668 1034 patre,
689 959 808 1014 utnon
831 951 1052 1013 adorarentur.
1096 951 1125 1014 3.
1149 974 1167 1012 a
1187 952 1305 1014 Theo.

204 1039 290 1120 philo
304 1033 340 1100 τὸ
356 1037 438 1119 μηδὲ
453 1032 604 1119 χρώμασι
622 1027 740 1108 ταύτας
759 1031 924 1096 renaudot
942 1053 974 1096 rs
990 1033 1047 1095 aral
1063 1035 1305 1116 μορφάζεσθαι.

287 1161 326 1224 31
370 1151 501 1242 ἔχοντα]
524 1159 562 1222 ad
592 1159 655 1222 hoo
675 1161 853 1241 interpres:
882 1159 1050 1236 mumdum
1070 1159 1210 1243 itemque
1233 1183 1300 1245 seq.

204 1245 284 1308 lines
305 1245 344 1306 ad
363 1243 439 1306 illud
450 1235 488 1305 osi
505 1239 659 1324 καθεκτήν
675 1237 855 1321 Ῥωμαιοις.
898 1243 974 1304 mihi
993 1253 1165 1328 utrumque
1189 1253 1301 1327 aptum

205 1350 241 1390 ac
274 1331 373 1392 sensui
409 1330 622 1390 necessarium.
664 1330 801 1410 primum
832 1327 875 1387 ita
898 1328 1048 1409 expressit
1075 1329 1302 1390 continuatore

204 1409 248 1484 σλς
268 1411 297 1472 δ’
317 1409 500 1494 ἡμάρτανεν
521 1401 627 1491 αὖθις,
650 1410 705 1472 καί
721 1407 826 1490 τρίτον
847 1409 884 1471 dt
905 1409 940 1471 ἐκ
966 1411 1170 1490 στερροτέρας
1189 1411 1304 1490 ψυχῆς

203 1490 261 1575 τήν
280 1495 478 1575 συνέχουσαν
508 1490 655 1577 φάλαγγα
682 1487 891 1572 τὸνβασιλέα
914 1493 1070 1572 διέκοψεν,
1090 1487 1146 1554 καὶ
1167 1495 1305 1574 πλησίον

205 1569 1304 1744 λιλκνλιλιιλλέῑιιλλνέιιχεκκκέλ

206 1743 281 1804 exiit
302 1735 417 1822 ἄγοντα
438 1743 549 1805 τοῦτον
568 1739 706 1822 ἑξάχωντ
736 1743 892 1804 vehentem
918 1743 1004 1802 illrun
1032 1763 1136 1828 eqruen
1162 1743 1301 1808 muers.

205 1827 295 1889 alteri
310 1827 410 1890 simile
429 1825 506 1888 illud
531 1825 646 1888 laudati
673 1827 831 1888 samoris:
855 1823 979 1906 ἐτριὸθη
998 1820 1055 1904 τὴν
1074 1822 1184 1908 ψυχὴν
1204 1823 1302 1906 α’νὴρ,

202 1909 338 1987 βασιλέα
357 1903 525 1988 Ῥωμαίων
546 1903 748 1988 αἰχμάλωτον
775 1907 924 1988 γενέσθαι
944 1904 1139 1991 φοβούμενος
1157 1907 1214 1970 κατ’
1235 1909 1302 1971 ταῖν

205 1990 335 2072 ἐχθρῶν
357 1989 540 2054 ὖτιοτιόδισν.
583 1996 648 2054 Leo
670 1991 862 2072 inscribit,
884 2001 975 2056 uteo
999 1993 1030 2052 in
1051 1992 1170 2075 praelio
1190 1993 1300 2054 vulue-

207 2085 309 2136 ratum
332 2075 506 2138 Manuelern
538 2097 637 2158 exque
666 2076 795 2138 vulnere
825 2073 912 2138 brevi
945 2085 1106 2138 mortuum
1136 2077 1159 2135 τ’
1182 2077 1299 2152 nilioet,

207 2179 278 2220 cum
297 2159 501 2220 continuator
522 2159 708 2220 calomniam
720 2159 886 2241 subiungat
905 2139 995 2220 liuius
1016 2159 1108 2240 ipsius
1125 2099 1217 2224 ollhloii
1242 2181 1298 2220 oc-

203 2242 330 2304 sasione
353 2251 469 2320 ortam,
493 2263 555 2326 qua
578 2252 704 2305 coactus
721 2251 766 2306 est
789 2243 998 2326 adegarenos
1022 2243 1140 2326 fugere,
1161 2265 1197 2304 ac
1222 2241 1298 2304 reli.

205 2347 267 2408 qua
295 2329 435 2408 superiua
457 2329 556 2390 Leoni
586 2327 625 2389 de
647 2327 698 2388 illo
719 2335 873 2388 enarrata.
930 2337 1004 2388 uter
1023 2327 1161 2390 certiora
1184 2347 1296 2388 mouu.

203 2417 310 2472 menta
333 2419 454 2473 secutus
476 2412 535 2486 sit,
557 2407 640 2472 haud
662 2409 751 2473 facila
776 2411 816 2472 sit
836 2409 988 2472 divinare.
1042 2431 1105 2472 nou
1127 2409 1230 2472 deesse
1252 2409 1294 2470 ait

204 2493 409 2556 continuator
432 2495 487 2576 qui
505 2493 584 2555 laune
607 2493 684 2559 illius
704 2493 810 2578 fugam
830 2493 869 2556 ad
887 2495 1043 2578 Agaseuos
1063 2493 1121 2556 suls
1144 2495 1294 2556 Michatle

205 2576 374 2659 Theophili
395 2587 487 2660 patre
506 2587 637 2660 ponant.

289 2697 330 2762 32
372 2699 465 2773 ἷιιτιος
487 2689 514 2787 ᾧ
538 2701 712 2780 ἐνισχελλαι]
735 2699 814 2762 hanc
828 2701 902 2784 equi
922 2699 1015 2764 ablati
1030 2699 1191 2762 historiam
1205 2701 1297 2782 louge

206 2781 299 2846 aliter
321 2785 525 2846 continuator
549 2807 585 2845 ae
608 2783 765 2847 Cedrenus
790 2795 939 2858 narrant3
961 2805 1135 2868 eorumque
1158 2805 1234 2846 vero
1255 2785 1296 2844 si-

205 2867 310 2928 milior
332 2869 487 2929 narratio.
530 2869 706 2931 Mauuelem
726 2867 756 2929 io
778 2867 942 2930 Persarum
964 2868 1161 2950 expeditione
1183 2868 1295 2930 adver.
1354 2857 1355 2883 ¹

204 2971 253 3012 sus
273 2951 433 3012 Amorium
453 2949 555 3013 adhue
573 2953 781 3036 superstitem,
805 2963 939 3036 postque
959 2954 1058 3037 ipsum
1077 2949 1297 3034 Theophilum,

205 3031 298 3096 sidem
318 3033 455 3108 laciuut;
480 3035 536 3096 nisi
560 3035 616 3098 iste
639 3037 715 3097 alius
737 3043 832 3120 atque
850 3035 955 3098 iunior
974 3037 1097 3098 Manuiil
1118 3037 1226 3098 existit.

287 3164 328 3230 33
369 3161 387 3228 ὅ
411 3164 705 3250 πρατοσιὶμβοιιλος]
726 3169 777 3231 hio
800 3189 927 3254 quoque
949 3170 1015 3252 ipse
1036 3191 1228 3236 amerumnss
1246 3193 1297 3234 su-

204 3271 395 3334 premusque
411 3253 548 3314 Arabum
570 3253 632 3314 dux
652 3273 688 3314 ao
710 3253 795 3315 velut
815 3255 989 3336 imperator
1008 3253 1050 3316 sic
1073 3255 1254 3338 appellatur.

286 3380 329 3446 34
369 3384 449 3446 hanc
463 3386 677 3468 proditionem
689 3388 830 3450 Boiditsa
846 3397 987 3465 auctore,
1003 3399 1035 3452 et
1056 3399 1091 3452 ut
1105 3387 1180 3450 nihil
1192 3397 1298 3450 astro.
1352 3457 1353 3460 Ἴ

205 3467 307 3550 logias
329 3467 360 3528 in
383 3489 418 3530 ea
442 3472 655 3550 intervenerit,
676 3470 729 3534 sed
751 3473 815 3532 sola
836 3471 984 3534 indicatio
1005 3474 1105 3555 partis
1129 3473 1203 3534 illius
1223 3493 1297 3532 mu·
1352 3479 1353 3495 ¹

208 3571 319 3612 rorum
342 3575 403 3636 qua
430 3553 526 3615 facilis
547 3566 622 3616 esset
643 3554 682 3618 ad
704 3556 813 3618 urbem
833 3577 981 3634 accessus,
1009 3579 1040 3618 sa
1064 3557 1118 3617 itta
1139 3577 1210 3616 cuna
1231 3557 1299 3638 epi-

205 3633 285 3696 stola
319 3657 453 3700 amoro
476 3637 506 3698 in
540 3637 675 3700 hostiurn
705 3647 806 3702 castra
829 3640 956 3718 emisso,
983 3579 1110 3702 solidius
1132 3641 1298 3702 Vaticanus
1351 3687 1352 3708 ι

205 3722 420 3862 σρσλίσρσλστ,
441 3743 536 3806 quam
557 3723 605 3786 vel
614 3723 676 3786 Leo
690 3723 738 3785 vel
752 3722 906 3786 Cedrenus
930 3725 985 3808 qui
1008 3745 1075 3786 rem
1094 3725 1202 3809 paucis
1224 3743 1297 3808 per.
1351 3725 1352 3801 l

204 3821 217 3864 s
233 3823 311 3885 rrngr
331 3845 339 3864 .

288 3935 328 3995 35
372 3934 539 4020 Θεόφιλος]
572 3951 643 4000 sum
677 3938 709 3998 hi
734 3951 855 4002 turmae
875 3937 915 3999 lu
937 3949 1114 4084 martJrum
1135 3941 1294 4023 praecipui

206 4015 325 4092 heroes,
349 4041 485 4101 quorum
507 4031 662 4084 certamen
693 4025 896 4086 continuator
915 4023 986 4086 Vat.
1029 4025 1167 4086 escribrt.
1210 4047 1297 4106 αρα-
1350 4033 1351 4107 l

203 4095 419 4182 τοσσαθιέρισς
438 4101 589 4182 εὐνοῦχος
609 4101 626 4168 ὁ
649 4101 827 4190 Κρατερός.
872 4129 950 4172 uum
969 4107 1047 4172 haec
1060 4107 1254 4173 Theodorus.
