2750 4602
234 241 306 316 476
652 249 903 314 EUSTATiilUS

233 387 474 485 ριεργασάμενοι
505 391 607 476 άλλως
637 403 683 476 εἰς
715 402 807 464 πέντε
836 399 985 482 χιλιάδας
1007 397 1188 482 ἠρίθμησαν
1207 391 1243 458 τό
1270 419 1328 459 κα·

233 501 304 584 κόν,
329 499 410 582 μήτε
441 498 517 577 τούς
553 501 779 583 πεποιημένους
814 493 1166 584 σαγκεφαλαιωοόμενοι
1198 492 1328 570 τούτοις

232 599 312 682 μήτε
333 599 453 683 δηλαδὴ
477 595 552 678 τούς
572 602 619 664 ἐπ’
641 597 733 664 οἴκων
752 597 928 680 πεσόντας,
950 594 1031 662 silini
1051 593 1171 680 μόνους
1189 596 1327 682 α’ριθμῷ

234 695 402 774 δεδωκότες
423 696 518 776 δσοος
540 701 649 776 αύτοῖς
676 702 825 772 ε’κθέτονς
844 701 1004 779 κειμένους
1023 691 1109 780 ἥλιος
1128 692 1259 782 ἔφηνεν.

333 799 482 864 Ἐνταῦθα
513 796 603 864 δάκοι
638 794 679 863 cir
708 799 843 880 καρδίαν
873 783 988 880 δνδρός
1010 799 1171 882 φιλοίκτον
1191 797 1250 860 κατ’
1273 789 1344 858 ὅτιὸ

232 896 304 972 τούς
326 901 486 978 κειμένους
503 894 538 962 ἔν
557 921 590 962 τε
611 905 679 972 ταῖς
699 896 856 982 α’μφόδοις
876 895 931 960 καί
951 897 1035 982 ἐντῇ
1056 889 1224 977 ἀκροπόλει
1247 891 1322 958 ‹irt-

232 1019 298 1080 γσις
326 997 418 1076 ζιόοις
447 995 669 1079 ἀναμιγνύντες
696 999 859 1062 κατέκαιον
885 994 915 1060 οἱ
936 997 1058 1080 ἐχθροί,
1077 991 1112 1058 τά
1131 997 1322 1076 μισάνθρω.

232 1119 312 1177 πον,
341 1095 402 1177 riuti
435 1098 491 1162 καί
521 1101 613 1161 τούτο
644 1097 827 1178 δράσαντες.
876 1093 917 1160 τά
936 1097 1048 1180 πρῶτα
1068 1093 1128 1179 γάρ
1151 1089 1207 1178 εἶφ’
1229 1093 1322 1178 ἡμῶν

232 1193 507 1284 παρακαλούμενοι
535 1199 719 1278 καταχῶσαι
735 1194 808 1272 τούς
829 1192 975 1280 νεκρούς,
1002 1193 1047 1278 μη“
1077 1197 1132 1258 καί
1159 1197 1220 1257 θέα
1243 1196 1321 1256 δνσ-

186 1347 189 1352 .
232 1291 399 1376 πρόσοικος
427 1291 582 1361 ἔκκεινται
618 1299 674 1360 καί
707 1293 873 1382 α’ποφορύς
905 1296 941 1360 tt
971 1292 1103 1376 νοσερὰς
1133 1291 1319 1374 ότμίοανσιν,
1329 1312 1354 1364 10

232 1389 345 1468 ἐθάδες
367 1387 515 1459 τοιαύταν
544 1393 639 1460 αότοί
657 1391 782 1480 ἔφασαν
803 1387 903 1480 εἶναι,
930 1391 986 1458 καί
1005 1395 1131 1476 χαίρειν
1152 1393 1320 1464 τοιαύταις

231 1495 323 1567 θέαις
342 1516 374 1557 τε
395 1518 447 1556 και
471 1492 595 1574 άδμαίς.

317 1587 355 1657 Oi
386 1593 450 1676 μὴν
482 1591 520 1675 δν)
550 1595 659 1658 πολλοί
689 1590 778 1679 φόνοι
799 1591 854 1656 καί
873 1589 907 1657 ni
937 1589 1080 1678 σφοδραὶ
1098 1590 1244 1676 ἁρπαγαί
1268 1593 1323 1654 καί

228 1689 266 1757 τά
289 1693 385 1756 πλείω
408 1691 488 1756 κακά
507 1695 627 1758 δοκοῖεν
658 1687 696 1756 δν
714 1695 807 1775 λῆξαι
832 1689 912 1772 μετά
937 1695 1138 1777 μεσημβρίαν
1164 1694 1221 1774 τῆς
1245 1687 1320 1772 ἡμέ-

230 1811 291 1873 ρας
312 1791 383 1854 eut·
406 1786 444 1874 ἢν
465 1789 484 1874 ἤ
506 1786 632 1872 άλοοσις,
655 1793 688 1870 ἐξ
708 1790 917 1874 ἐπιτάγματος
938 1792 1001 1856 ταῖν
1022 1787 1176 1875 κομητων.
1220 1782 1262 1872 ἢν
1283 1793 1316 1854 δὲ
1327 1810 1350 1860 15

229 1885 410 1973 σάββατον,
432 1889 469 1954 ού
492 1890 597 1976 φνγην
617 1889 708 1974 ἕχον,
730 1887 769 1972 ἣν
788 1889 996 1972 εύαγηελικαῐς
1018 1887 1177 1967 ἀπεύξαιτ’
1200 1883 1241 1952 sis·
1261 1913 1316 1972 τις,

229 1986 310 2052 ἀλλά
332 1991 519 2073 τηλικαύτης
539 1990 658 2066 πόλεως
679 1980 819 2074 ὄλεθρον.
842 1987 880 2054 τά
903 1991 932 2052 δ’
948 1991 1100 2068 ,ἐντεῦθεν
1118 1982 1176 2052 eris
1198 1983 1239 2054 sis
1259 1993 1317 2069 μὲν

228 2109 275 2160 τις
295 2083 418 2172 φράσαι
454 2086 498 2163 ὥς
520 2091 619 2173 μηδέν
637 2111 667 2153 τι
694 2089 856 2170 ἐλλείψει·
906 2081 965 2153 ὅσα
997 2090 1033 2152 δὲ
1067 2083 1152 2154 ἔστιν
1172 2090 1315 2164 ε’πιλὲξα·

227 2189 329 2270 σθαι,
357 2187 550 2270 ον’χὴσοομεν
578 2183 619 2252 άν
645 2189 702 2254 καί
726 2188 818 2252 αύτοί
845 2183 948 2252 ἱκανοί
973 2183 1105 2254 ἔσεσθαι
1125 2185 1313 2272 άπογράψα.

227 2291 316 2352 σθαι.
358 2287 470 2364 πάντες
502 2284 533 2351 οἱ
556 2285 616 2367 ἔξω
638 2285 790 2370 ἱππόται,
811 2290 865 2351 κατ’
888 2285 918 2352 οἱ
938 2286 1093 2370 ναύαρχοι
1114 2289 1158 2371 δέ,
1180 2287 1347 2360 &solon-20

227 2389 296 2460 θοις
328 2386 362 2450 δὲ
384 2388 440 2452 καί
467 2384 496 2451 οἱ
529 2385 610 2473 ἀμφ’
633 2380 770 2471 αύτούς,
800 2384 1059 2470 άνακαθὴραντες
1081 2377 1141 2470 ἤδη
1162 2384 1202 2450 τά
1221 2386 1313 2472 σφίσι

228 2485 351 2570 φοβερά
373 2483 428 2550 καί
445 2483 634 2570 μισήσαντες
647 2485 692 2562 τίς
709 2489 801 2552 πλέον
814 2489 1046 2572 αίθριοκοιτεῑν,
1060 2482 1200 2570 ἔπλησαν
1214 2488 1313 2562 α’δεάς

228 2775 309 2836 prunt
328 2767 356 2828 ii,
376 2769 420 2836 qui
441 2767 533 2820 urbem
552 2769 688 2832 obierunt,
711 2786 791 2840 qnam
817 2775 943 2839 poterunt
962 2767 1165 2837 diligentissime
1184 2769 1309 2820 aestime-

228 2846 299 2900 rnnt,
316 2855 375 2888 curn
387 2839 524 2910 peditibus
534 2839 654 2910 Bulgnris
669 2849 696 2892 et
713 2841 824 2904 ceteris,
843 2842 888 2910 qui
904 2840 1068 2900 cecideruut,
1087 2839 1230 2890 militibus.
1250 2841 1310 2890 ber·

226 2907 284 2958 hsri
303 2917 402 2973 nutem,
420 2911 513 2962 inutili
533 2929 623 2984 opere,
644 2911 677 2962 εδ
696 2912 817 2981 quinque
843 2911 930 2961 millis
949 2911 1093 2962 occisorum
1113 2919 1310 2980 computatum,

227 2982 371 3031 numeratis
397 2997 484 3051 neque
514 2983 566 3046 iis,
592 2983 639 3052 qui
660 2983 891 3042 inuocauerunt,
911 2999 960 3035 uec
979 2983 1025 3050 qui
1044 2982 1071 3032 in
1090 2981 1310 3049 sedibrrsperie-

228 3057 295 3112 runt,
314 3049 361 3110 sed
381 3051 414 3104 iis
433 3060 535 3103 tentum
554 3071 586 3105 eo
603 3069 714 3104 numero
732 3052 940 3122 comprehensis,
959 3069 1025 3122 quos
1044 3052 1072 3104 in
1091 3051 1202 3122 publico
1220 3053 1310 3122 proie-

227 3127 283 3172 ctus
302 3121 342 3170 sol
363 3122 547 3174 collustrabat.

296 3187 346 3242 llic
364 3191 487 3243 mordeat
505 3195 622 3246 animum
641 3193 759 3246 hominis
777 3191 970 3254 misericordis,
990 3191 1063 3261 quod
1082 3201 1109 3244 rt
1128 3193 1156 3243 in
1177 3193 1264 3242 triviis
1284 3201 1309 3242 et

226 3261 254 3312 in
268 3278 326 3314 aree
337 3264 455 3332 proiecte
473 3281 587 3336 eumque
601 3265 686 3316 brutis
704 3265 863 3317 animalibus
877 3265 958 3314 miste
969 3264 1095 3314 caelavere
1114 3262 1226 3318 berberi.
1245 3279 1310 3328 gens

226 3333 317 3400 generi
333 3333 449 3384 humano
470 3335 577 3399 iulests,
595 3335 806 3397 combusserunt,
827 3351 885 3386 sero
903 3334 1007 3386 demum
1032 3352 1064 3386 en
1082 3335 1196 3386 consilio
1215 3333 1310 3384 iuncti.

227 3405 298 3472 prius
319 3399 390 3456 eninr
409 3406 538 3456 monilia
567 3407 664 3468 nobis,
682 3415 713 3458 ut
740 3407 887 3475 sepelirent
910 3405 1047 3466 cadavera,
1068 3423 1103 3456 ne
1123 3411 1190 3456 tetro
1211 3405 1309 3473 adspe-

226 3483 269 3526 ctu
293 3477 411 3528 iacerent
436 3484 463 3528 et
488 3493 599 3546 vapores
628 3478 723 3528 noxios
754 3477 927 3537 exhalarent,
954 3485 1075 3528 assuetos
1103 3492 1132 3528 ιε
1151 3475 1229 3526 rebus
1256 3477 1310 3526 illis

225 3563 284 3598 esse
304 3555 332 3598 et
351 3547 399 3598 teli
417 3546 545 3616 adspectu
569 3557 596 3599 et
618 3547 703 3599 halitu
721 3545 850 3598 delectari
870 3547 1076 3616 responderunt.

315 3617 418 3670 Caedes
444 3618 571 3688 frequens
591 3627 618 3670 et
636 3621 728 3686 rapina
747 3618 864 3669 ferocior
882 3625 910 3668 et
928 3619 1035 3669 miseria
1055 3617 1141 3669 maior
1159 3616 1210 3668 snb
1227 3617 1308 3668 meri-

208 3685 296 3738 -slierrr
315 3691 373 3741 eius
398 3689 469 3752 diei,
495 3707 549 3761 quo
567 3698 646 3760 napta
665 3688 728 3741 urbs
754 3697 814 3754 est,
845 3704 878 3740 ex
907 3689 1020 3758 irnperio
1041 3689 1170 3741 comitum
1190 3705 1305 3740 cessasse

225 3757 375 3812 videbatur.
422 3768 481 3813 erst
514 3769 602 3814 sutem
629 3759 778 3820 sabbatum,
798 3775 853 3812 non
874 3757 937 3828 iuga
955 3759 1068 3828 insigne,
1087 3775 1167 3830 quem
1185 3759 1247 3829 quis
1267 3776 1307 3810 se-

225 3827 339 3880 cundum
367 3831 533 3900 evangelium
560 3832 727 3901 deprecetur,
746 3830 795 3882 sed
817 3839 869 3882 teus
889 3831 1002 3881 erimine
1022 3829 1096 3881 urbis
1118 3830 1203 3880 ruins.
1240 3847 1305 3900 quse

226 3897 324 3950 deinde
337 3911 427 3954 secute
446 3911 525 3965 sunt,
545 3920 575 3954 ea
597 3919 674 3954 neuro
687 3904 724 3954 itn
741 3900 918 3970 explicuerit,
937 3909 966 3951 ut
978 3899 1048 3952 nihil
1062 3901 1151 3963 desit,
1172 3899 1221 3951 sed
1240 3917 1306 3971 quae

225 3970 323 4019 narrari
349 3981 480 4038 possunt,
507 3991 538 4024 es
557 3973 679 4044 quidem,
700 3973 722 4024 si
736 3974 893 4042 quisquam,
914 3989 961 4022 nus
983 3971 1061 4024 nobis
1081 3971 1205 4022 ridemur
1224 3989 1305 4040 expo·

189 4079 192 4084 ,
225 4053 287 4087 nere
307 4055 393 4106 posse.
438 4060 530 4094 ornnes
557 4046 653 4112 igitur,
673 4044 719 4114 qui
740 4052 816 4094 estre
844 4041 935 4094 urbem
954 4051 1039 4104 erent,
1060 4043 1176 4112 equites,
1199 4051 1227 4094 et
1247 4059 1305 4092 vero

225 4107 368 4172 nauarchi,
388 4127 446 4162 curn
477 4115 531 4164 suis
558 4116 672 4185 quisque
694 4113 837 4176 ministris,
864 4112 971 4165 liberati
992 4115 1042 4166 inus
1065 4113 1144 4166 rebus
1169 4113 1305 4174 sunalbus,
