2762 4622
222 265 295 338 248
547 275 689 340 LEONtS
721 271 980 338 GRAMMATICI

222 403 335 492 αὐτὸν
348 429 585 502 Κωνσταντῖνος
606 422 745 508 ἔπαρχος
766 424 782 487 ὁ
806 423 970 516 Μυϊάρης,
991 419 1046 486 καί
1065 417 1255 492 καθίσαντες
1275 417 1312 480 ἐν

220 529 265 615 orgi
285 519 394 614 Μελίην
414 527 575 590 ἐπέδωκαν
598 524 687 612 αύτῷ
713 525 824 598 σκεῦος
844 525 878 586 ἐν
900 531 969 596 ταῖς
989 522 1099 603 χεροῖν
1119 516 1229 598 orituri,
1254 513 1313 578 καί

222 625 370 708 ἔρριπτον
389 627 504 698 πάντες
527 625 556 688 oi
579 619 839 706 διαπορευόμενοι
862 624 896 686 ἐν
917 622 1014 706 αύτῷ,
1037 617 1117 684 εἴτι
1139 619 1174 682 ἐκ
1194 637 1311 697 προαι-

224 725 340 806 ρέσεως
369 717 464 804 ιίχον.
517 727 573 787 καί
596 709 672 802 μεθ’
697 723 816 805 ἡμέρας
842 719 865 784 λ’
900 715 1058 804 ἐκρατήθη
1086 710 1309 798 Συμβάτιοςὸ

222 825 374 905 Ἁρμένης
395 821 457 885 riuti
482 825 643 886 Μαλείνου
664 825 698 887 έν
718 823 875 906 Κιλτζινῇ
896 823 930 885 ἐν
953 820 1147 903 πανάοχείηι·
1168 816 1224 876 καί
1244 816 1337 880 εἰσ-5

221 923 334 1005 ἤγαγεν
361 921 459 986 αύτὸν
486 917 503 984 ὅ
527 925 688 996 Μαλεῑνος
715 923 761 994 είς
782 917 838 982 τὸν
859 921 1007 1000 βασιλέα,
1029 909 1118 990 ὄντος
1140 915 1243 978 αύτού
1265 913 1312 986 εἰς

222 1021 276 1085 ιον
293 1016 382 1104 ίίγιον
403 1018 579 1098 Μάμαντα.
621 1023 676 1084 καί
693 1019 859 1102 προστάξει
876 1021 934 1082 τού
945 1017 1101 1100 βασιλέως
1121 1009 1235 1098 ἄγουσι
1258 1009 1312 1076 τὸν

224 1119 376 1204 Πηγάνην
405 1123 451 1194 είς
476 1121 652 1203 ὑπάντησιν
682 1123 879 1200 Συμβατίου,
909 1113 1013 1192 δόντες
1040 1119 1086 1193 είς
1112 1123 1224 1198 χεῖρας
1255 1117 1313 1176 tori

226 1216 359 1303 Πηγάνη
381 1215 591 1302 θυμιατήριον
611 1213 792 1300 ὄστράκιναν
812 1217 934 1298 θυμιᾶν
953 1213 1071 1282 αύτόν·
1115 1219 1170 1278 καί
1187 1215 1311 1278 α’ποτυ-

226 1322 361 1404 φλοῦσιν
383 1316 484 1382 ου’τὸν
503 1316 682 1400 Συμβάτιον
700 1315 752 1382 τὸν
772 1317 827 1382 ἕνα
849 1314 1028 1404 ὀφθαλμόν,
1051 1318 1105 1378 καί
1127 1312 1310 1378 ἐκκόπτουσι
1323 1325 1356 1376 tt)

193 1420 283 1484 oni
300 1418 358 1504 την
379 1416 485 1496 δεξιάν
506 1419 604 1482 αύτοῦ
618 1427 723 1502 χεῖρα,
745 1417 799 1482 καί
812 1415 964 1482 ἐκάθισαν
985 1415 1080 1482 αύιόν
1099 1416 1144 1490 τίς
1163 1411 1201 1478 τά
1218 1415 1312 1479 Λαύ-

226 1545 295 1604 οου,
318 1523 372 1584 καί
400 1520 557 1583 δεδώκασι
584 1519 695 1594 σκεῦος
719 1519 753 1583 ἐν
780 1521 823 1604 τῷ
849 1515 954 1604 κύλπιρ
989 1519 1102 1594 oritoni,
1124 1517 1176 1579 ἵνα
1197 1507 1232 1588 ἐς
1253 1511 1312 1598 ἔχη

227 1623 421 1700 προαίρεσιν,
441 1617 608 1702 ἐπιρρίπτῃ
630 1612 715 1704 αύτῷ
735 1641 775 1685 τι.
817 1613 871 1679 καί
889 1621 962 1696 μεθ’
986 1614 1106 1698 ἡμέρας
1122 1622 1209 1698 τρεῖς
1230 1607 1312 1696 dori-

226 1739 322 1800 γαγον
346 1715 464 1791 αύτούς
485 1719 520 1780 ἐν
540 1725 606 1790 τοῖς
625 1717 718 1792 ἰδίοις
734 1715 829 1790 οἴκοις
852 1713 974 1798 ἔχοντες
995 1719 1029 1778 ἐν
1051 1717 1188 1800 φρουρᾷ.

305 1814 343 1880 ‘O
368 1819 403 1878 δέ
421 1813 572 1896 βασιλεύς
598 1813 736 1899 Μιχαῆλ
761 1810 948 1889 ἀποστείλας
976 1813 1165 1898 μηχανικόν,
1186 1809 1356 1874 rivio-15

228 1913 360 1997 γύμινον
386 1913 555 1996 Λάβαριν,
586 1914 687 1995 ἐξάγει
710 1919 944 1979 Κωνσταντῖνον
974 1913 1028 1978 τὸν
1057 1915 1258 1992 Καβαλλϊνον
1278 1913 1313 1972 ἐκ

188 2013 286 2083 orror?
305 2012 419 2098 τάφου,
442 2011 476 2077 ἐν
498 2007 592 2098 εὗρεν
613 2012 708 2096 δγιῆ·
750 2016 806 2078 καί
825 2017 928 2077 θέλων
948 2014 1123 2094 εἰσαγαγεῖν
1142 2007 1177 2074 ἐν
1195 2007 1311 2094 σάκκῳ,

229 2115 285 2177 καί
302 2109 346 2196 μὴ
379 2110 584 2196 χωρούμενον
605 2108 777 2190 ἐνετύλιξεν
799 2112 904 2177 ου’τύν.
958 2109 1108 2186 άοαύτως
1122 2109 1178 2173 καί
1194 2109 1314 2188 'laevir

229 2209 428 2295 πατριάρχην
441 2207 588 2296 ἐξήγαγεν
610 2215 644 2277 ἐκ
661 2215 721 2277 τοῦ
740 2211 842 2298 τάφου
863 2207 932 2292 άμα
952 2213 997 2296 τῷ
1008 2207 1179 2296 οέμοφορίφ
1200 2207 1314 2272 αύτού.

230 2312 286 2374 καί
301 2308 430 2388 τούτους
451 2308 619 2394 προστάξει
638 2315 695 2376 τού
712 2313 867 2392 βασιλέως
887 2313 1066 2376 άπέκλιιοεν
1087 2303 1261 2393 δύπαρχος
1280 2310 1357 2376 ooo

231 2413 274 2498 τηέ
294 2409 486 2497 πραιτωρίῳ,
509 2409 565 2474 καί
587 2413 622 2475 ἐν
642 2412 682 2498 τῇ
703 2406 805 2499 η’μέρρι
826 2409 958 2475 ίππικού
977 2407 1103 2492 α’γαγάν
1124 2407 1240 2482 αύτούς
1261 2409 1317 2471 καί

232 2509 463 2592 ἀπογυμνώσας
485 2508 586 2593 ἔτυψε
612 2512 782 2593 μαγλάβια,
813 2515 867 2574 καί
886 2508 925 2573 τά
949 2507 1026 2574 άυτά
1045 2510 1150 2572 αύτιέν
1170 2501 1315 2573 άποστεί-

232 2613 290 2682 λας
311 2609 503 2674 κατέκαυσεν
524 2611 558 2674 ἐν
579 2617 644 2684 τοῖς
673 2611 915 2692 Ἀμαστριανού.
960 2606 1019 2693 τήν
1039 2611 1075 2672 δέ
1096 2606 1238 2690 λάρνακα
1257 2609 1317 2672 τοῦ

234 2704 457 2791 Ιίοπρωνύμου
470 2707 621 2795 πράσινον
638 2701 735 2774 οὖσαν
749 2707 802 2774 καί
815 2707 1005 2792 θαυμαστήν
1018 2705 1188 2793 διαπρίσας
1207 2709 1316 2791 ἐποίη-

233 2995 320 3048 verite
346 3005 402 3048 tom
429 2997 465 3050 od
484 2999 589 3051 Milium
615 3000 756 3052 considere
775 3000 848 3052 iuero
873 2999 1008 3051 vasculum
1025 2997 1149 3050 monibus
1167 2999 1316 3052 tenendum

233 3064 411 3128 tradiderunt,
429 3069 458 3120 io
474 3069 547 3140 quod
561 3071 676 3122 vietorer
691 3071 766 3140 quod
781 3073 908 3139 placitum
944 3069 1111 3122 reiiciebant.
1130 3077 1158 3121 et
1178 3077 1241 3139 post
1258 3069 1317 3122 dies

233 3137 344 3204 triginta
361 3139 513 3204 Symbotiuo
532 3141 669 3192 Armenius
689 3159 704 3192 ι
725 3141 843 3192 Moieioo
862 3142 889 3194 io
906 3089 1056 3192 cieltstnes
1079 3139 1199 3210 hoepitio
1219 3139 1317 3193 deten-

233 3216 277 3258 tus
297 3215 346 3270 ert,
363 3225 443 3276 quem
463 3209 498 3261 od
514 3211 701 3280 imperatorem
719 3211 753 3262 ed
773 3213 799 3262 S.
820 3211 980 3264 Mamootem
999 3221 1064 3263 tune
1087 3211 1235 3280 profectum
1255 3213 1318 3262 Ma-

234 3277 323 3328 leiouo
341 3276 461 3344 ὶαδιιτίῑς
480 3287 508 3332 et
526 3281 687 3348 imperatore
707 3281 819 3334 iubente
840 3283 1009 3349 inSymbntii
1028 3299 1166 3333 occursum
1185 3283 1317 3350 Peganem

233 3347 374 3411 οιλνοειαι,
395 3358 511 3402 testaceo
541 3351 696 3416 thuribulo,
723 3361 752 3405 ut
775 3353 800 3404 ei
821 3352 883 3404 thus
911 3352 1040 3415 adoleret,
1062 3354 1173 3420 Pegenie
1193 3353 1318 3406 menibus

231 3419 332 3490 potito.
368 3421 538 3488 postmodum
550 3423 687 3488 Symbotio
707 3423 815 3476 oouium
829 3441 911 3474 onom
932 3422 1071 3486 effodiunt,
1090 3432 1119 3476 et
1130 3424 1241 3476 dextero
1259 3426 1319 3476 eiue

231 3505 312 3542 meno
327 3499 462 3560 amputata
483 3491 518 3544 ed
529 3493 606 3544 Lausi
623 3493 716 3546 aedem
729 3501 860 3556 statuunt,
878 3495 907 3544 io
918 3495 976 3546 eius
994 3497 1081 3546 sinum
1099 3511 1160 3546 veee
1180 3495 1280 3559 locato,
1290 3497 1318 3546 in

233 3560 307 3632 quod
321 3563 435 3632 quisque
453 3561 527 3631 quod
542 3574 694 3632 suggereret
710 3565 813 3615 animus
830 3563 967 3630 mittebet;
994 3565 1132 3635 tribuoque
1152 3565 1249 3617 diebus
1267 3583 1319 3636 pe-

182 3679 186 3688 ,
232 3633 311 3685 rectit
330 3635 358 3684 in
378 3635 496 3702 propriae
515 3631 608 3686 domos
625 3635 813 3686 custodiendos
832 3635 1009 3686 abduxerunt.

303 3703 384 3754 Porro
403 3703 519 3756 Michael
538 3707 682 3774 imperator
695 3709 777 3756 mirso
789 3706 899 3768 artifice,
921 3707 1030 3758 nomine
1050 3705 1162 3767 Laberi,
1182 3706 1318 3770 Constan-

232 3773 318 3824 tinum
332 3774 529 3826 Cabellioume
550 3777 673 3846 sepulcro
691 3775 792 3838 eduxit,
810 3779 883 3827 cuiue
901 3775 1012 3827 cadaver
1025 3794 1117 3828 ιτααιπ
1136 3785 1164 3828 et
1182 3776 1319 3830 incolume

232 3845 1319 3972 :itt‘itt'“ttt‘ffittttt't'tte‘tttttttt‘ttttfztt

233 3983 311 4033 eruit.
348 3999 410 4036 mox
431 3933 600 4055 imperatoris
624 3935 935 4058 sententieppraefeetus
964 3990 992 4040 io
1018 3937 1145 4058 piortorii
1167 3990 1318 4042 carceribus

232 4051 352 4114 iooiueit,
373 4063 401 4106 et
415 4057 534 4124 equestri
554 4061 697 4110 certamine
716 4059 851 4110 celebrato
869 4057 1019 4111 denudatos
1038 4059 1193 4112 verberibus
1214 4061 1318 4122 afflixit,

233 4128 261 4174 et
278 4121 313 4176 ιδ
331 4124 490 4182 Δωιιιτίιαί
515 4127 605 4182 lotum
621 4143 681 4182 orso
710 4145 801 4184 eorum
819 4131 898 4184 missa
915 4129 1071 4185 combussit.
1108 4147 1123 4185 e
1143 4131 1236 4184 locuto
1254 4149 1318 4185 roro
