2778 4616
396 317 451 378 DE
479 313 612 378 LEONE
639 313 803 380 stultns
832 315 867 378 λ’.
1097 305 1170 376 337

80 475 163 543 λεως
184 461 484 548 συνακολουθούσης
505 465 599 554 adegi,
621 465 677 528 κατ’
696 466 884 546 Προκοπύας
902 461 960 545 τῆς
982 457 1173 545 Λύγούστης

79 571 139 660 τῇς
160 565 263 629 αύτού
281 563 437 649 γυναικός,
456 564 586 649 ἐξῆλθεν
596 562 657 641 ἕως
675 559 891 644 τάκιύούκτου,
913 560 1073 639 ποιοῦντες
1094 571 1198 643 perr-3

81 665 229 748 ουμάδας
248 667 304 728 και·
321 660 461 738 ύιύύντες
478 661 663 746 χαρίσματα
688 665 764 738 τούς
784 655 1009 746 άρχονταςτού
1028 664 1173 746 στρατού,

79 760 325 848 παρακαλούσης
353 764 467 839 αύτούς
497 767 552 845 τῆς
573 767 758 847 Προκσπύυς
787 763 937 848 καὶπερὶ
958 761 1095 846 Μιχαάλ
1114 765 1174 826 τού

54 866 247 949 οβασιλὲως,
268 863 495 948 διαφυλάττειν
515 859 616 925 αύτύν
638 861 694 924 καὶ
712 867 837 925 σκέπειν
856 864 891 925 ἐν
909 863 954 949 τῷ
974 866 1099 947 πολέμῳ
1120 863 1193 924 κατ’·

81 965 296 1044 α’γανάζεσθαι
326 961 407 1044 ύπὲρ
440 965 503 1026 τῶν
531 963 741 1046 Χριστιανῶν.
793 961 939 1024 κάκεῖθεν
965 959 1060 1024 πάλιν
1093 959 1203 1042 aderiti

81 1059 284 1144 ὑπέστρεψεν
305 1064 340 1126 ἐν
360 1065 399 1148 τῇ
417 1063 516 1124 πόλει.
558 1063 613 1124 κού
632 1058 741 1148 λοιπύν
760 1058 937 1140 ἀπάραντες
956 1059 1078 1123 ἐκεῖθεν
1100 1053 1118 1121 d
1140 1079 1176 1124 rs

83 1157 237 1242 βασιλεύς
264 1163 320 1224 καί
345 1164 407 1234 πῶς
435 1158 453 1222 ά
480 1158 557 1233 λαύς
578 1157 793 1243 ἐγγυτάμησαν
813 1159 872 1232 ἕως
890 1161 952 1222 τῶν
974 1161 1174 1239 κλεισουρῶν.

84 1257 141 1323 κατ’
161 1257 200 1342 dri
223 1257 252 1324 oi
275 1259 456 1342 Βούλγαροι
478 1260 689 1340 παρετάξαντο
710 1259 862 1323 άπενάντι
884 1259 1000 1342 αύτῶν,
1020 1257 1075 1320 κατ’
1092 1263 1176 1322 θεων

41 1367 75 1420 10
87 1361 213 1442 ρούττες
232 1357 268 1423 τά
291 1361 410 1442 τίλῆθος
429 1361 486 1422 τοῦ
506 1361 588 1420 λαού
608 1351 666 1420 ούκ
678 1358 853 1440 ἐτόλμησαν
872 1359 1084 1442 ἐπιχειρῆσαι,
1105 1360 1174 1420 ἄλλ’

83 1465 212 1535 ἵσταντο
243 1458 523 1542 παρατεταγμένοι.
571 1457 688 1537 ύμοιάις
718 1459 754 1520 di
783 1460 838 1520 καί
868 1453 884 1519 ὁ
908 1455 984 1530 λαός
1003 1458 1059 1519 τού
1081 1461 1174 1536 βασι·

84 1563 164 1636 λεόις
183 1558 313 1622 ἵσταντο
340 1560 395 1620 καί
420 1559 514 1620 αύτού
536 1559 800 1639 παρατεταγμένον
826 1555 885 1631 ter
915 1558 1043 1641 ἡμερῶν
1063 1558 1108 1640 ιε’,
1129 1553 1174 1638 μῆ

83 1661 256 1739 τολμῶντες
277 1655 420 1740 ἀλλήλους
439 1659 549 1736 βαλεῖν
560 1663 662 1740 χεῖρα.
705 1659 762 1720 κατ’
779 1657 890 1722 λοιπόν
913 1651 1176 1739 ἐταλαιπωρήθη-

84 1783 145 1824 σαν
167 1759 201 1822 ἐν
221 1760 264 1842 τῷ
284 1753 424 1820 καύσωνι
445 1756 608 1838 στήκοντες
632 1755 691 1820 τού
711 1757 827 1838 θέρους
847 1755 967 1840 ἡμέρας
988 1759 1043 1820 καὶ
1062 1753 1176 1829 νυκτὸς

42 1863 119 1922 esst
136 1881 171 1922 τε
191 1851 355 1938 άνθραποι
376 1857 432 1918 κατ’
451 1853 490 1918 τά
512 1857 617 1937 κτήνη,
638 1855 693 1922 κατ’
711 1847 809 1936 ἦλθον
830 1860 876 1929 εἰς
895 1855 1076 1936 άύυναμύαν
1097 1863 1175 1918 πολ-

85 1957 151 2041 λήν,
175 1959 409 2040 προσδοκῶντες
430 1949 478 2018 ὅτι
497 1952 525 2018 οἱ
549 1952 729 2038 Βούλγαροι
758 1949 844 2035 εἶχον
866 1960 977 2036 βαλεῖν
995 1965 1099 2039 χεῖρα,
1121 1957 1177 2019 κατ’

83 2053 180 2120 πάλιν
208 2053 238 2119 ot
271 2053 452 2137 Βούλγαροι
473 2051 611 2134 ὁμοίιος·
662 2056 718 2116 κατ’
737 2045 777 2134 ἦν
798 2054 875 2118 ideis
898 2053 1018 2129 αύτούς
1037 2057 1071 2118 ἐν
1092 2055 1176 2137 άμη-

80 2152 177 2242 χανύρι
207 2153 315 2238 πολλῇ.
357 2155 413 2218 καί
439 2152 478 2236 δὴ
515 2151 708 2236 δἈπλάκης
741 2145 778 2234 ἦν
806 2153 860 2217 ε’νιύ
884 2151 918 2218 τά
948 2151 982 2218 ἓν
1004 2157 1103 2235 μέρος
1121 2157 1203 2236 τῆςῦ

83 2249 198 2338 ἄκρας,
232 2249 315 2335 ἔχων
351 2253 424 2330 τούς
455 2255 648 2327 Μακεδόνας
672 2253 727 2316 κατ’
745 2250 820 2325 τούς
842 2254 1098 2338 Θρρκησιανούς,
1120 2251 1176 2317 κατ’
1250 2297 1253 2304 ·

39 2355 178 2436 νθύηλοῑ
194 2351 250 2417 τάν
272 2355 405 2433 βασιλέα
430 2347 594 2425 “toentre
615 2347 769 2432 οτὴκομον
790 2351 1088 2432 καίάπολλύμεθας
1110 2350 1171 2433 e'ysi

83 2456 206 2536 πρῶτος
234 2455 342 2533 βάλλω
370 2458 465 2534 χεῖρα
497 2451 552 2514 ἐπὶ
581 2453 623 2538 τῷ
645 2445 775 2530 ὀνόματι
799 2451 856 2514 τού
887 2455 985 2530 θεού,
1008 2449 1063 2515 καί
1080 2451 1175 2516 αύτού

80 2550 165 2633 μετά
184 2555 365 2634 προθυμίας
385 2553 598 2616 instuit-‘iare
646 2552 701 2612 κατ’
722 2547 837 2630 ἔχομεν
860 2553 1004 2633 νικῆσαι·
1044 2553 1173 2626 πλειόυς

81 2651 143 2736 γάρ
164 2653 270 2714 αύτῶν
301 2652 394 2732 ἐσμὲν
423 2648 667 2714 ύεκαπλασάον.”
708 2647 753 2724 ῶς
774 2647 828 2713 κατ’
851 2642 899 2733 η’ν.
920 2649 976 2714 καιΙ
996 2650 1171 2734 άρξάμενος

153 2833 197 2886 23.
217 2833 412 2905 ύενιτιπλασίῳύ

81 2997 145 3042 runt
165 3005 250 3058 usrpm
270 2987 303 3040 ad
322 3005 408 3059 aquae
428 2987 546 3052 domum,
566 2989 641 3042 velut
671 2991 769 3043 testum
785 2991 904 3044 solemne
923 2993 1101 3056 celebrantes,
1119 2981 1172 3048 ετξ

82 3063 237 3129 ercitusque
255 3061 390 3130 principes
412 3061 503 3126 gratiis
525 3067 552 3110 et
562 3061 717 3112 muneribus
744 3065 920 3125 cumulantes,
942 3081 988 3116 eos
1007 3064 1169 3118 erlhortants

81 3133 212 3200 Procopio
231 3133 418 3200 imperatorem
437 3130 599 3182 Michaeiem
617 3131 736 3184 studiose
757 3133 891 3186 crretodire
912 3151 1027 3206 eumque
1045 3139 1072 3188 in
1091 3135 1166 3188 bello

80 3211 223 3272 protegere
242 3209 269 3252 et
284 3218 334 3271 pro
354 3201 511 3252 Christianis
533 3200 684 3268 decertare3
705 3211 732 3256 et
749 3205 813 3256 inde
833 3222 936 3256 reversa
955 3217 995 3258 eet
1014 3207 1042 3258 in
1062 3205 1165 3258 urbem.

81 3283 200 3324 ceterum
219 3271 283 3323 inde
305 3273 442 3324 solventes
460 3271 605 3341 imperator
621 3282 648 3324 et
669 3275 755 3327 onruis
779 3276 895 3346 populus
915 3279 1167 3348 appropinquarunt

81 3361 166 3414 usque
185 3343 219 3394 οιλ
244 3343 356 3394 limitem
374 3351 401 3393 et
434 3343 615 3409 angustiarum
639 3361 719 3396 arces.
765 3347 871 3414 Bnignri
892 3347 974 3398 etiam
994 3347 1101 3400 stabant
1119 3347 1169 3400 or-'

80 3415 165 3468 dinaei
184 3431 216 3465 ex
238 3413 349 3464 adverso
369 3429 469 3475 eorum,
487 3415 597 3482 visaque
617 3415 749 3466 exercitus
768 3415 942 3468 multitudine
956 3435 1011 3469 non
1027 3427 1090 3470 sunt
1106 3418 1166 3470 susi

81 3503 126 3538 eos
145 3483 262 3554 aggredi,
284 3485 330 3535 sed
342 3485 448 3536 stabunt
466 3485 594 3535 instructa
612 3487 681 3536 acie:
700 3485 822 3538 similiter
840 3495 868 3540 et
886 3489 980 3556 copiae
998 3489 1165 3559 imperatoris

81 3555 190 3608 stabant
212 3555 352 3606 ordinatae
369 3571 418 3623 per
430 3554 583 3624 quindecim
598 3553 664 3616 dies,
684 3573 738 3608 non
753 3574 833 3608 ausae
852 3559 964 3609 invicem
982 3575 1076 3610 manus
1097 3577 1165 3612 con-

79 3643 177 3679 serere.
195 3625 301 3678 demum
319 3626 449 3676 aenrmnis
464 3625 591 3688 coniecti,
610 3629 719 3677 aestatis
735 3633 855 3697 tempore
866 3629 998 3680 coloribus
1015 3629 1166 3684 immodicis

79 3697 125 3750 diu
143 3705 279 3767 noctuque
297 3697 414 3766 expositi
433 3697 553 3747 homines
572 3697 672 3764 pariter
691 3705 719 3748 et
737 3699 863 3760 iumenta,
882 3705 1026 3750 extremam
1043 3717 1114 3770 pene
1134 3702 1165 3756 in

78 3769 225 3838 perniciem
239 3767 347 3830 redacti,
363 3768 473 3818 Romani
491 3768 518 3817 io
531 3765 656 3833 ituigaros
669 3767 869 3836 impressionem
892 3770 1007 3821 tacturos
1020 3779 1047 3822 et
1056 3773 1164 3841 Belgari

78 3839 195 3890 vicissim
204 3841 335 3890 Romanos
351 3839 379 3890 in
395 3851 423 3888 se
436 3839 586 3906 irrupturos
603 3835 760 3907 sperabantr
801 3855 863 3890 uere
887 3841 1016 3892 attonitos
1034 3851 1061 3894 et
1080 3843 1164 3898 enimi

77 3911 175 3962 anxios
193 3925 226 3959 ex
243 3917 357 3978 utraque
375 3917 449 3978 parte
469 3923 578 3960 cernere
597 3907 705 3959 licebat.
741 3855 853 3980 Apinees
870 3909 951 3978 igitur
968 3910 1003 3962 ad
1016 3922 1164 3969 extremam

76 3977 213 4032 exereitus
230 3979 298 4029 aiam
324 3978 483 4031 Macedones
510 3986 537 4030 et
563 3975 758 4030 Thracesienos
783 3980 834 4032 sub
856 3997 885 4032 ae
912 3978 1013 4034 habens
1030 3987 1165 4056 signifieat

76 4049 235 4121 imperatori
252 4055 412 4120 “quousque
430 4049 536 4102 tandem
555 4058 654 4101 stamus
667 4051 766 4102 inertes
781 4059 809 4104 et
827 4051 972 4124 perniciem
991 4058 1163 4125 quaerimus?

78 4138 128 4190 ego
146 4119 248 4190 primus
266 4120 294 4170 in
313 4122 422 4171 nomine
453 4120 554 4172 domini
574 4135 666 4172 manus
691 4137 813 4174 consero.
849 4139 896 4175 ros
916 4121 1043 4178 audacter
1062 4127 1162 4196 adeste,

78 4201 107 4246 st
123 4199 216 4244 nostre
234 4189 286 4241 erit
302 4190 426 4242 victoris:
453 4190 570 4264 decuplo
596 4193 697 4264 quippe
717 4192 808 4264 plures
826 4200 1018 4248 numeremur:¹
1055 4208 1082 4252 ετ
1100 4216 1161 4252 rere

142 4277 197 4335 leo
218 4278 424 4335 Grammaticus·
931 4281 967 4334 22
