2750 4602
241 277 314 346 500
667 279 917 345 EUSTllTillUS

240 433 319 496 κατό
341 455 428 505 τινας
445 429 527 504 ἰδίας
548 427 670 513 ἔχθρας
691 431 858 512 λαγχάνειν
871 429 1098 512 έπανόρθωσιν,
1123 431 1179 495 καί
1200 429 1262 494 oris
1281 431 1334 494 εό-

241 531 368 617 φραόης
400 529 520 614 ἡμέρα,
553 530 651 610 ἡτῆς
683 531 919 612 πανωλεθρίας,
950 531 1126 615 κατερράγη
1154 527 1254 612 ἡμῖν·
1298 529 1335 612 ἣν

239 625 354 716 ἤθελον
375 632 436 710 μὲν
457 631 492 694 ἐκ
519 629 583 692 τῶν
607 631 662 693 τοῦ
682 634 782 692 καλοῦ
802 631 948 693 ἐνιαυτοῦ
970 628 1253 712 ιίναπληρωμότων
1276 629 1334 692 αό-

174 735 308 802 304τίκα
328 733 507 810 ἐκκοπῆναι,
529 724 636 793 ὁποῖόν
656 753 686 793 τι
708 730 918 812 λελυπημένος
944 733 998 794 καί
1016 729 1033 792 ό
1055 728 1241 812 καρτερικός
1264 728 1332 808 'isid

239 825 362 908 εὔξατο.
421 830 490 893 ἀλλ’
518 825 704 906 όέπιτιίξας
731 832 775 915 τῷ
793 829 870 916 ἡλίῳ
901 825 1019 914 όρίζειν
1039 829 1080 894 τό
1101 829 1161 892 τοῦ
1183 829 1348 892 ένιαυτοόό

239 931 312 992 καθ’
331 926 443 1010 εἱρμὸν
462 928 517 992 τόν
536 929 592 990 n'n'
612 927 735 992 αἰώνων
763 927 966 1004 έξουόενιόσει
994 925 1117 1002 πάντως
1139 925 1176 993 τό
1198 931 1257 1010 τῆς
1278 929 1331 990 ου’-

238 1031 299 1112 χῆς
317 1023 451 1110 ταύτης,
478 1025 696 1102 πεπαιδευκώς
728 1020 832 1102 ἄλλως
852 1019 1015 1110 εόχεσθαι,
1038 1027 1328 1110 ἀνθρωπικώτερον.

238 1125 352 1210 τὸγὰρ
386 1123 471 1190 οὕτω
504 1135 682 1209 γονυπετεῖν
712 1127 745 1190 έν
765 1128 910 1208 δεήσεσιν
942 1126 998 1190 edu
1024 1121 1065 1192 όν
1084 1124 1135 1209 εἰη
1157 1128 1267 1208 ψυχῆς
1286 1125 1328 1208 μη

239 1219 505 1311 παραφερομὲνης
524 1220 571 1300 οἷς
593 1225 804 1290 παθαίνεται·
853 1221 928 1288 ὅθεν
947 1229 1004 1290 καί
1023 1223 1208 1309 συγγνωστά
1229 1227 1260 1288 εἰ
1278 1225 1331 1288 καί

240 1321 323 1391 edere
346 1331 510 1406 λαλοῦμεν.
553 1329 636 1389 λίθοι
660 1323 721 1408 γόρ
743 1329 887 1390 ἐνταῦθα
907 1327 966 1389 onix
989 1322 1029 1389 όίν
1049 1324 1255 1409 παθήναιντο,
1279 1323 1329 1388 καί
1336 1343 1352 1392 u

239 1421 335 1500 ὅσους
357 1433 423 1490 κατ’
446 1421 572 1499 adrosis.
614 1427 680 1501 παῖς
702 1423 762 1506 γὰρ
785 1419 961 1508 ἄνθρωπος,
981 1422 1061 1490 ἔνθα
1080 1429 1219 1490 καίνων
1241 1431 1327 1488 πολε-

238 1529 320 1608 μίων
341 1525 369 1589 ei
390 1522 574 1612 φαινόμενοι
595 1523 669 1588 θεόν
689 1527 805 1590 εἰδέναι
828 1528 885 1588 καί
896 1550 927 1588 τι
948 1523 1034 1606 ἔχειν
1052 1513 1157 1589 οἴκτου
1177 1524 1233 1587 καί
1250 1525 1327 1606 τίθη-

239 1629 347 1706 ρίωτοι
379 1627 532 1708 ὲόίἰκρυον
553 1629 607 1689 καί
627 1628 870 1705 κατεστέναζον,
891 1629 1055 1706 βλέποντες
1073 1625 1163 1688 πόλιν
1181 1623 1328 1706 τοιαότην

240 1718 325 1788 οὕτω
356 1729 581 1810 κατῃκισμένην
605 1723 660 1788 καί
686 1725 902 1808 έζημιωμένην
922 1730 1048 1806 καλοῖς,
1068 1721 1158 1806 όπερ,
1179 1727 1211 1788 εἰ
1231 1725 1327 1786 διεντ-

237 1823 335 1908 μηθη,
357 1825 505 1908 πλείστην
527 1819 566 1888 ίίν
587 1825 642 1908 τῆς
663 1825 844 1908 οἰκουμένης
862 1823 908 1898 εἰς
927 1820 1177 1904 εὐδαιμονισμόν
1198 1819 1352 1904 {gipes-n

238 1947 298 1986 σαν
305 1949 316 2003 ,-
338 1925 379 1986 ου’
395 1922 454 2006 γὰρ
478 1923 569 1998 πόλις
588 1917 628 2006 ἢν
648 1921 667 2008 ἡ
688 1923 808 2005 όπλοῖς,
830 1922 912 1988 cilici
932 1921 1086 2006 μακάρων
1108 1925 1159 2008 γῆ,
1181 1920 1291 1988 ὁποίαν
1309 1923 1324 1986 ό

236 2021 353 2102 μαθών
372 2021 430 2085 οιίκ
446 2017 487 2086 όν
510 2021 579 2104 ἔχοι
602 2025 763 2089 λαθέσθαι
783 2022 904 2106 ου’τῆς·
925 2017 946 2107 ἢ
967 2020 1132 2088 θάλλουσα
1156 2023 1243 2088 έσαεί
1263 2031 1326 2096 τοῖς

237 2119 318 2182 κατὰ
333 2119 451 2198 κόσμον
465 2129 572 2196 καλοῖς
588 2119 740 2207 ἐξήνθησε
761 2120 830 2188 τότε
852 2122 1054 2206 α’τημελήτοις
1065 2131 1196 2206 νεκροῖς,
1216 2113 1260 2184 ὧν
1274 2121 1326 2184 καί

237 2221 331 2284 εἰσέτι
346 2220 480 2302 σώματα
504 2223 621 2306 τίκηιλέα
645 2232 743 2286 κεῖται
768 2223 801 2287 έν
821 2225 1051 2305 παραβόσκοις,
1071 2225 1202 2304 ἀνδρῶν,
1217 2246 1323 2303 γυναι-

237 2323 312 2396 κοῖν,
334 2326 454 2402 νηπίων
470 2319 624 2406 ἀκμαίων,
644 2323 868 2402 μεσαιπολίων,
891 2319 1055 2404 γερόντων,
1077 2323 1176 2387 εἰπεῖν
1197 2321 1231 2385 τό
1254 2320 1351 2402 ἄνη-ιλ

237 2421 406 2506 λεέστερον,
421 2425 617 2506 παρειμένων
636 2417 725 2505 ἢκαί
744 2413 821 2484 ἄλλο
834 2446 862 2485 τι
880 2429 963 2496 σΐνσς
984 2421 1151 2486 παθόντων
1172 2421 1322 2505 ἀποτυχίρ

239 2519 375 2606 φύσεως,
397 2517 451 2586 καί
470 2516 575 2586 atres
602 2519 643 2606 όὴ
664 2523 725 2586 ταῖν
757 2516 934 2607 όπηόὴποτε
956 2525 1250 2606 νοσοκομουμὲνων,
1273 2519 1321 2594 eds

239 2801 352 2872 diesque
372 2802 450 2854 nobis
472 2805 563 2858 illuxit
576 2807 714 2869 nefastus,
733 2807 791 2860 dies
809 2813 945 2862 extremae
963 2807 1106 2878 perniciei:
1123 2807 1231 2876 qualern
1252 2803 1318 2856 diem

239 2889 271 2922 ex
290 2881 440 2942 temporum
459 2878 534 2927 suavi
554 2878 737 2929 vicissitudine
759 2879 833 2930 illico
854 2881 971 2930 excisum
990 2879 1080 2939 velim,
1102 2887 1132 2928 ut
1150 2877 1265 2944 graviter
1282 2879 1321 2926 ai-

239 2943 325 2992 ilictus
347 2947 557 3014 patientissimus
580 2950 626 3000 ille
649 2950 697 3000 lob
717 2959 839 3018 precatus
858 2959 907 3002 est.
929 2966 1020 3001 verum
1041 2952 1071 3010 is,
1091 2950 1137 3018 qui
1158 2949 1242 2998 solem
1260 2948 1321 2998 anni

239 3011 367 3083 deinceps
387 3017 584 3070 vicissitudines
603 3020 743 3071 absolvere
763 3020 855 3072 indes
879 3038 965 3071 rerum
986 3021 1120 3088 principio
1140 3019 1228 3076 iussit,
1246 3020 1321 3068 aliter

238 3101 288 3134 nus
314 3088 415 3153 precari
434 3087 541 3149 docuit,
571 3099 598 3141 et
628 3089 661 3141 ad
681 3091 796 3141 nihilum
824 3094 917 3160 utique
948 3091 1101 3142 redacturus
1128 3099 1170 3141 est
1187 3091 1249 3141 talis
1267 3089 1319 3140 rusi

239 3155 382 3206 lurruauam
411 3159 633 3212 imbecillitatem.
680 3177 796 3230 namque
823 3163 858 3212 ita
880 3161 955 3211 tlexis
976 3161 1087 3229 genibus
1108 3163 1209 3230 precari
1227 3161 1321 3211 mesatis

239 3227 309 3277 soret
327 3225 422 3280 didere
440 3230 582 3301 abreptae:
603 3231 674 3282 unde
693 3235 774 3282 etiam
795 3233 984 3299 ignoscendum
1008 3241 1056 3294 est,
1077 3233 1097 3282 si
1119 3233 1156 3281 ita
1176 3231 1320 3300 loquimur.

237 3315 354 3368 numque
374 3299 478 3368 lapides
498 3305 608 3353 sortasse
632 3311 659 3353 et
680 3303 725 3372 qui
744 3311 807 3354 suat
826 3303 943 3370 lapidum
965 3303 1066 3352 similes
1085 3301 1200 3352 hicnon
1218 3301 1321 3350 lamen-

238 3375 330 3418 tentur
350 3370 553 3436 vehementius3
574 3373 696 3423 homiues
717 3381 807 3423 autem
833 3373 968 3444 quomado
998 3373 1193 3432 abstinuerint,
1212 3371 1320 3440 quamiu

239 3440 318 3488 etiam
339 3457 370 3490 ex
389 3439 512 3492 hostibus
525 3444 553 3504 ii,
573 3445 619 3512 qui
635 3445 713 3494 cleram
727 3446 825 3494 sentire
846 3453 873 3494 et
886 3445 984 3494 lralrere
1003 3443 1107 3514 aliquid
1127 3443 1321 3494 misericordiae

239 3516 266 3558 et
278 3525 332 3560 aon
349 3511 429 3578 piune
443 3511 556 3563 serarum
570 3515 654 3564 instar
673 3531 729 3564 csse
743 3513 918 3576 videbantur,
931 3515 1137 3564 lacriruatrautur
1150 3523 1178 3564 et
1198 3515 1320 3579 ingemis-

239 3577 346 3640 cebant,
365 3597 446 3648 quum
464 3583 556 3634 urbem
569 3591 621 3634 tam
638 3586 760 3635 eximiam
776 3585 812 3634 ita
825 3593 957 3653 turpatam
977 3585 1176 3655 spoliatumque
1186 3591 1319 3636 cernerent

239 3651 346 3718 opibus,
366 3669 435 3720 quae
447 3663 508 3722 apte
524 3654 682 3706 distributae
697 3671 816 3722 magnam
834 3663 962 3706 terrarum
975 3665 1075 3724 purtem
1086 3656 1167 3706 beare
1186 3672 1268 3722 posse
1285 3655 1318 3702 si-

239 3721 388 3772 derentur?
412 3741 501 3794 neque
521 3727 591 3776 enim
612 3727 658 3776 illa
682 3728 838 3794 simpliciter
856 3727 916 3776 urbs
937 3727 1003 3788 suit,
1020 3726 1067 3776 sed
1086 3727 1229 3776 beatorum
1250 3735 1319 3778 serra.

239 3807 318 3859 quam
329 3792 375 3862 qui
388 3795 470 3844 semel
484 3795 602 3857 vidisset,
616 3797 737 3847 obliuisci
748 3801 992 3867 urruquam'pusset.
1005 3813 1105 3858 verrem,
1116 3811 1187 3866 qrrae
1201 3797 1320 3846 omnihus

239 3877 344 3930 semper
357 3863 433 3914 bonis
442 3867 612 3916 terrestribus
629 3867 763 3930 floruerat,
777 3869 864 3920 obsita
879 3878 932 3918 tum
949 3877 1005 3917 erat
1016 3867 1191 3916 cadaueribus
1205 3867 1319 3934 insepul-

240 3932 283 3992 λῖν,
303 3951 317 3978 ο
339 3935 437 4002 qaribns
453 3937 606 3986 etiamnunc
620 3939 703 3988 multa
722 3939 748 3988 in
761 3941 826 3990 locis
838 3939 951 3989 desertis
962 3939 1079 4006 dispersa
1092 3939 1191 3992 iacent,
1202 3939 1319 3987 virorum.

239 4002 390 4064 mulierum,
404 4005 554 4060 infantium.
568 4010 703 4066 iuvenum,
722 4019 787 4060 natu
802 4011 949 4074 grandium,
972 4019 1007 4068 et,
1023 4008 1095 4078 qrrod
1108 4010 1234 4076 inprimis
1253 4009 1319 4058 misr·

240 4070 324 4150 ΙτπΙιίΙε
344 4083 394 4134 est,
409 4091 501 4126 senum
513 4077 700 4129 erlrauatormu
717 4081 759 4128 vel
776 4081 855 4130 aliam
871 4079 1003 4129 miseriam
1024 4087 1196 4147 expertorum
1216 4085 1319 4147 prepter

239 4141 418 4192 rutirmitatem
428 4152 547 4210 naturas,
560 4148 734 4218 ipsorumque
746 4149 812 4202 aden
825 4149 962 4202 hominum
974 4159 1110 4220 utcunque
1119 4149 1319 4216 aegrotantium
