2736 4624
165 247 191 323 o
466 235 639 346 [neonis
667 229 956 341 onmnrrncr]

247 406 379 495 Εἴρηται
401 412 437 474 δὲ
456 407 519 473 simi
541 409 687 474 τοῦθεοό
708 407 743 473 τὸ
767 408 856 471 *έίόοῦ
876 404 984 485 Ἀδάμ
1003 408 1136 487 μέμονεν
1159 401 1209 477 ὥς
1232 397 1285 478 εἷς

163 511 197 586 ἐξ
219 509 308 594 ἡμῶν
328 513 387 572 τοῦ
405 509 568 592 γινώσκειν
593 506 688 572 καλὸν
719 509 774 570 καί
805 502 961 589 πονηρόν”
991 506 1052 586 οόχ
1075 500 1127 578 σός
1150 499 1285 583 προκό-

163 625 284 687 ψαντος
306 607 406 673 αότοῦ
427 606 479 671 sisoi
508 609 565 689 τῆς
586 605 752 681 ἀπειθείας
782 605 837 670 ἐπί
857 602 915 686 τῆν
936 604 991 687 τῆς
1012 603 1134 686 άρετῆς
1157 625 1198 665 ιε
1221 603 1286 666 καί

163 707 272 782 κακίαις
288 709 412 789 γνῶσιν,
435 710 503 771 αλλ’
523 705 566 783 σός
585 701 727 772 τοιοότου
749 707 782 781 ἐξ
801 699 903 787 άρχῆς
922 705 1131 774 κλασθέντος.
1182 699 1284 786 φθά-

164 831 248 872 σασα
267 803 328 888 γάρ
349 801 435 872 εἶπεν
455 804 475 891 ῆ
497 807 604 892 γραφῆ
626 801 677 870 ότι
698 803 842 888 ἐποίησεν
863 799 880 866 ό
899 802 975 878 θεός
996 803 1051 867 τόν
1071 796 1310 884 άνθρωπον,5

163 908 232 969 κατ’
251 903 355 970 εἰκόνα
374 910 453 972 θεοῦ
472 903 618 990 ἐποίησεν
638 903 745 968 ου’τόν.
788 899 805 966 ό
827 905 862 967 di
883 906 1037 976 πλασθείς
1057 905 1133 964 κατ’
1159 897 1281 964 εἰκόνα

163 1010 241 1070 θεοῦ
256 1009 349 1089 δῆλον
371 1003 414 1080 τός
428 1007 763 1090 προκαταβεβλημένην
781 995 866 1086 εἶχεν
886 1003 920 1068 ἐν
931 1007 971 1088 τῇ
986 1001 1082 1086 φάσει
1097 997 1164 1084 τῆν
1188 1001 1280 1082 μναῖ-

163 1131 216 1171 σιν
236 1109 294 1171 τοῦ
313 1109 413 1170 καλοό
433 1128 466 1170 τε
486 1106 542 1169 κατ’
561 1107 621 1168 τοῦ
642 1103 789 1188 πονηροῦ.
831 1100 882 1166 dui
906 1099 957 1166 ἵνα
977 1102 1020 1184 μῆ
1041 1104 1081 1188 τῆ
1105 1101 1279 1177 αιότεξσυ-

92 1198 96 1211 ’
163 1203 282 1290 οιότητι
300 1207 490 1290 κεχρημένος
517 1201 680 1289 μεταλάβῃ
710 1205 768 1267 τοῦ
786 1203 839 1286 τῆς
870 1203 951 1284 ζωῆς
973 1199 1069 1276 ξόλου
1092 1203 1157 1263 καί
1176 1201 1280 1282 γένη-

163 1327 217 1368 ται
239 1302 330 1378 κακός
364 1301 542 1385 α’θάνατος,
566 1301 719 1388 ἐξεβλῆθη
740 1300 801 1367 σόν
833 1303 871 1388 τῆ
885 1295 961 1388 Ἔυρ
982 1301 1028 1374 εἰς
1048 1298 1108 1381 τῆν
1128 1301 1195 1382 γῆν
1218 1303 1279 1380 τῆς
1292 1321 1328 1372 10

162 1406 290 1478 κτίσεως
323 1403 435 1468 adsoni.
488 1407 522 1470 τί
535 1404 596 1486 γάρ
627 1399 708 1484 μετά
738 1406 838 1465 ταῦτα
869 1398 973 1464 πάντα
994 1398 1014 1484 ἡ
1034 1401 1111 1464 θειά
1133 1399 1255 1486 γραφῆ
1267 1426 1278 1478 ;

163 1503 239 1566 “και“
258 1505 471 1580 ἐξαπέστειλεν
492 1499 590 1566 ου’τόν
602 1501 712 1584 κόριος
733 1499 749 1564 ό
769 1499 844 1574 θεός
858 1501 892 1564 ἐκ
905 1503 962 1562 τοῦ
980 1498 1190 1583 παραδείσου
1214 1502 1278 1580 τῆς

162 1601 285 1685 τρυφῆς
305 1599 496 1682 ἐργάζεσθαι
515 1599 572 1684 τῆν
592 1601 659 1685 γῆν,
680 1597 712 1676 ἐξ
733 1593 771 1682 ἧς
795 1595 937 1684 ἐλῆφθη·
979 1599 1034 1662 καί
1053 1601 1193 1680 ἐξέβαλε
1218 1597 1278 1662 τόν

163 1699 272 1778 Ἆόόμ,
295 1697 349 1762 καί
371 1697 538 1786 κατῴκισεν
559 1697 656 1762 αότόν
677 1697 829 1762 ἀπέναντι
849 1699 904 1779 τῆς
926 1699 1048 1784 τρυφῆς
1069 1701 1133 1761 τοῦ
1154 1723 1278 1778 παρα-

165 1799 289 1882 δείσου,
321 1799 376 1860 κατ’
403 1795 491 1875 ἔταξε
521 1795 560 1861 τά
584 1800 741 1878 χερουβίμ
772 1795 826 1859 καί
844 1795 901 1879 τῆν
924 1802 1072 1882 φλοχίνην
1093 1797 1322 1883 ῥομφαίαν15

164 1895 223 1979 τῆν
243 1899 456 1980 στρεφομένην
478 1891 653 1980 φυλάσσειν
675 1894 733 1979 τῆν
752 1894 828 1959 όόόν
846 1899 905 1960 τοῦ
925 1895 1019 1974 ξόλου
1043 1899 1098 1980 τῆς
1120 1899 1244 1981 ζωῆς.”

253 1996 347 2078 Μετὰ
377 1994 412 2060 τό
435 1997 627 2080 ἐκβληθῆναι
655 1993 710 2060 τόν
738 1989 906 2078 άνθροιπον
934 1993 994 2074 ε’ξισ
1019 1999 1076 2060 soii
1097 1999 1274 2079 μακαρίου

164 2099 286 2178 χωρίου
308 2092 543 2180 άκαταμόχητσι
565 2096 703 2179 φρουροί
728 2099 783 2159 καί
803 2097 875 2159 λίαν
894 2091 1065 2179 όπέροπτοι
1088 2095 1276 2182 φυλάττειν

168 2194 224 2278 τῆν
246 2193 320 2259 όόόν
339 2200 397 2259 τοό
416 2192 512 2273 ξόλσυ
525 2197 581 2278 τῆς
603 2197 684 2278 ζωῆς
704 2195 895 2278 ἐτάχθησαν,
915 2195 957 2270 αἱς
969 2199 1091 2279 μηδένα
1114 2200 1176 2260 τοῦ
1200 2201 1274 2261 λοι-

168 2297 231 2358 ποῦ
250 2293 372 2377 ἰσχύειν
400 2299 569 2376 παρελθεῖν
599 2293 673 2360 ποσί
690 2291 834 2378 βεβῆλοις
860 2296 905 2368 εἰς
927 2297 1041 2360 ἐκεῖνον
1071 2294 1130 2360 τόν
1156 2293 1272 2358 τόπον.
1283 2307 1321 2360 20

168 2399 224 2458 καί
244 2393 305 2478 γάρ
327 2393 473 2477 μάχαιρα
489 2396 619 2478 φλοχίνη
636 2394 730 2478 ἐτέθη
751 2395 819 2458 ἐκεῖ
828 2395 882 2457 ἐπὶ
901 2398 944 2481 τῷ
964 2390 1018 2458 τόν
1038 2393 1273 2478 πλησιάζοντα,

170 2496 203 2569 ἐξ
222 2491 299 2578 όλης
320 2493 513 2575 ὑπάρχοντα,
537 2496 616 2576 πυρί
637 2491 826 2577 φλεγόμενον
859 2496 1088 2557 α’ναλίσιιεοθαι
1110 2489 1270 2573 παραυτά

170 2596 224 2658 καί
244 2593 452 2682 α’πόλλυσθαι.
503 2597 675 2678 στρέφεται
707 2594 742 2656 δέ
772 2591 978 2679 ῆρομφοία,
999 2596 1051 2656 ἵνα
1074 2595 1108 2658 έν
1132 2595 1176 2682 τῆ
1202 2617 1271 2656 πα-

241 2775 283 2826 20.
305 2779 344 2836 εἰς
362 2793 404 2828 om
426 2776 446 2827 C
468 2779 485 2826 l.
506 2793 529 2827 ε.
550 2775 634 2830 editio
657 2777 824 2830 Crimsrnun.
903 2775 946 2828 21.
965 2778 1015 2848 τῷ]
1035 2773 1065 2829 τό
1087 2776 1108 2828 C

243 2929 348 2979 Dictum
370 2935 411 2978 est
429 2945 444 2978 a
463 2925 529 2980 deo:
552 2935 632 2980 “ecce
652 2927 767 2981 Adsmus
788 2929 873 2981 sacrus
899 2937 941 2982 est
960 2937 991 2980 ut
1010 2937 1130 2980 nostrum
1149 2929 1267 2998 aliquis,

173 2998 211 3049 ita
229 3007 259 3049 nt
276 3007 417 3066 eognoscat
438 2997 537 3050 honum
555 3000 733 3068 mulumque,”
751 3019 807 3052 non
826 3017 880 3070 qno
900 3017 943 3062 eo,
962 3001 1035 3070 qnod
1054 3019 1107 3052 non
1127 2999 1266 3052 obediens

174 3069 235 3130 luit,
254 3070 359 3120 virtutis
387 3078 415 3120 et
431 3069 539 3120 sceleris
567 3073 746 3137 cognitionem
774 3079 971 3132 unctuosum,
992 3071 1038 3121 red
1059 3071 1209 3139 quin-talis
1231 3071 1266 3120 ab

174 3140 252 3190 initio
273 3139 401 3190 sormulus
421 3148 477 3191 erat
521 3157 600 3209 supra
615 3143 686 3192 enim
704 3141 773 3193 dixit
786 3141 884 3194 biblia:
905 3143 1023 3192 “creavit
1040 3143 1176 3192 hominem
1196 3141 1266 3193 deus

175 3217 202 3259 et
221 3211 320 3260 creavit
337 3209 372 3260 od
398 3209 441 3260 dei
469 3211 636 3278 irnsginem.”
681 3211 807 3264 formatus
828 3221 926 3278 ,sutem
956 3231 1037 3282 quum
1066 3212 1149 3263 luerit
1168 3210 1264 3263 sd'dei

174 3281 326 3346 imaginem,
357 3289 477 3350 opertum
499 3290 548 3344 est,
566 3283 672 3334 insitam
698 3283 732 3334 sb
752 3283 829 3335 initio
849 3285 906 3334 eins
925 3292 1037 3334 naturae
1056 3281 1121 3333 boni
1139 3283 1266 3352 malique

174 3351 353 3417 cognitionem
375 3351 466 3406 luisse.
501 3369 631 3421 quarens
648 3352 775 3406 libertate
794 3363 881 3416 utens,
898 3353 1007 3405 vitalem
1025 3351 1146 3406 arborem
1165 3353 1265 3415 adiret,

176 3421 305 3490 fieretque
327 3423 412 3488 melus
432 3423 597 3486 immortalis,
616 3425 743 3493 expulsus
772 3433 812 3478 est
829 3443 888 3476 cum
907 3425 961 3476 Eva
979 3425 1006 3476 in
1025 3425 1159 3492 regionem
1181 3441 1265 3493 quem

174 3493 322 3557 incoleret;
343 3493 408 3560 quid
429 3495 501 3544 enirn
529 3503 592 3562 post
619 3495 684 3546 haec
708 3497 798 3546 omniu
826 3511 898 3546 sacra
927 3495 1073 3564 scripturn?
1106 3503 1154 3546 “et
1172 3495 1267 3562 emisit

177 3577 236 3612 enm
256 3562 322 3614 deus
340 3563 463 3614 dominns
484 3583 517 3615 err
531 3565 654 3632 paradiso
673 3567 850 3634 voluptatum,
871 3575 1007 3618 utterranr
1028 3567 1137 3626 coleret,
1156 3582 1189 3617 ex
1209 3581 1264 3634 qno

176 3642 297 3701 sumptus
318 3643 384 3696 erut,
401 3643 429 3686 et
447 3637 560 3686 extrusit
574 3637 704 3688 Adnmum
715 3636 843 3706 deditque
856 3637 1018 3690 domicilium
1037 3635 1131 3707 procul
1147 3653 1163 3686 s
1184 3635 1265 3686 volu·

175 3703 295 3772 plotibns
315 3705 430 3774 paradisi
444 3687 505 3768 ‚set
522 3706 660 3760 clrernbirn
678 3707 837 3771 collocavit,
855 3709 1027 3777 gladiumque
1045 3707 1194 3760 flammeum
1214 3705 1264 3775 qni

177 3775 403 3843 circumagebntnr
420 3777 453 3826 nd
472 3777 539 3828 riam
558 3779 648 3831 ritulis
667 3777 770 3832 arboris
790 3779 1002 3831 custodiendum.

246 3845 363 3915 Expulsu
382 3866 415 3898 αι
433 3850 512 3899 selice
530 3851 638 3916 regione
665 3849 772 3901 homine
790 3851 881 3902 invicti
900 3857 929 3900 et
953 3845 1151 3918 vigilantissimi
1168 3852 1265 3896 custo.

176 3913 223 3966 des
245 3915 280 3966 ad
306 3918 503 3970 delemlendam
528 3920 617 3974 vitalis
642 3919 745 3972 arboris
775 3923 842 3970 vinm
867 3929 931 3972 sunt
953 3919 1092 3980 collocuti,
1125 3923 1155 3968 ut
1181 3932 1264 3967 neruo

174 3987 204 4036 in
223 3995 356 4054 posterum
375 3989 409 4040 nd
428 3991 504 4040 illurn
522 3991 610 4042 locum
629 3989 748 4058 profanis
767 3989 882 4058 pedibus
900 3991 1026 4042 accedere
1050 3996 1148 4057 posset.
1184 4003 1262 4038 neor·

175 4071 228 4123 ηιιε
247 4056 383 4109 flammans
403 4059 507 4126 gladius
524 4058 562 4110 ibi
581 4063 683 4129 positus
696 4069 744 4118 est,
763 4069 800 4121 ut,
817 4061 839 4110 sl
859 4061 920 4128 quis
939 4077 954 4110 e
973 4069 1043 4110 terro
1063 4059 1147 4109 foetus
1163 4073 1262 4128 oppro-

176 4127 353 4202 olnqnovsrit,
368 4129 423 4200 igni
441 4139 611 4185 consumetur
629 4130 763 4200 extemplo
782 4139 809 4185 et
827 4131 950 4185 interest
971 4131 1157 4199 circumagitur
1171 4135 1260 4182 sutem
