2750 4602
547 223 696 288 NOTAE.
1095 215 1167 286 525

64 394 254 480 disciplinae
275 393 474 470 adversatur,
495 395 608 458 nedum
642 392 728 478 quod
750 392 923 456 catiroiicse
945 389 1016 453 fidei
1038 401 1167 454 contra.

67 481 160 542 rium
182 489 238 544 est.

157 585 199 650 89
240 580 320 664 μειοῖ
344 585 407 647 τῶν
424 577 618 688 Ἆγαρηνοόν]
635 585 764 648 delenda
783 581 941 663 νοιμιτοῖ,
963 607 999 646 ae
1021 585 1168 666 srappiea·

69 671 153 734 dum
178 693 214 732 ex
237 677 399 754 Anonymo
425 665 652 750 ιῖπιοκίρτησι,
684 663 727 748 μὴ
758 667 850 730 τοῦτο
884 667 1013 750 ποιῆσαι
1035 667 1170 730 καταδι-

69 754 221 834 ξάμενος.

158 851 199 916 90
242 851 378 936 martion
408 849 561 948 τρακτοῦ]
595 854 680 912 intra
711 852 860 914 bacillum
882 870 971 912 cerae
993 849 1168 926 candidae,-

71 941 160 1000 cutm
183 957 310 998 cereum.
355 931 526 1014 ὅτρακτός
547 931 644 1014 κηρὸς
665 937 753 998 Attio
775 956 843 995 cera
865 935 957 1014 olba,
978 944 1010 995 et
1030 932 1066 995 τὸ
1088 956 1170 1010 τρα-

71 1019 220 1096 κταΐζιιν
239 1019 279 1080 V
298 1019 409 1082 Lexico
433 1039 468 1079 ex
482 1017 662 1083 Pisavosino
684 1017 832 1080 dealbare
857 1028 913 1092 est,
934 1016 1049 1100 quod
1041 1041 1071 1078 ιιι
1096 1039 1169 1080 cera

73 1102 230 1188 pinsendo
252 1103 296 1164 fit.
340 1102 378 1163 de
400 1099 530 1162 oinibari
553 1100 645 1164 docte
665 1101 870 1184 Stephanus
862 1123 892 1162 ιιι
917 1099 1104 1183 Appendice.

161 1200 203 1264 91
247 1221 328 1264 more
355 1193 399 1282 μή
428 1199 616 1283 δινηθῆναι]
642 1195 735 1278 μόλις
759 1199 953 1282 δυνηθῆναι,
976 1211 1012 1262 ut
1031 1199 1169 1298 quamvis

71 1305 178 1383 aegre
193 1283 372 1361 admodum,
393 1297 496 1346 tumen
520 1284 641 1346 affuerit
663 1295 757 1367 atque
773 1285 914 1346 oraverit
932 1279 1012 1344 κατὰ
1035 1279 1088 1345 τὸν
1107 1283 1170 1362 βα-

71 1363 198 1428 σιλικὸν
220 1368 332 1448 τύπον,
351 1389 411 1450 pru
442 1389 476 1430 eo
502 1387 542 1428 ac
562 1389 651 1430 arare
672 1369 827 1430 Romanos
859 1389 933 1428 ινα.
955 1381 1025 1428 erat
1042 1389 1098 1428 ιιια
1118 1386 1170 1428 re-

71 1463 205 1532 ceptum.
248 1459 419 1547 suppetunt
440 1471 476 1512 ex
496 1449 693 1530 Naudaeeno‚
726 1471 809 1512 nunc
831 1389 933 1512 Canii
945 1449 1093 1512 Maaarini
1114 1471 1172 1511 co·

77 1533 149 1596 dice
172 1541 234 1596 tres
258 1533 321 1596 eins
342 1535 499 1596 orationes
519 1533 582 1595 hoe
596 1545 789 1618 argumento,
815 1533 1026 1598 Bibliothecae
1047 1541 1170 1596 nostrae

81 1617 339 1680 concionatoriae
360 1639 430 1678 cura
452 1617 517 1680 eliis
543 1619 606 1680 eins
626 1617 814 1680 inserendae

161 1716 200 1778 99
242 1715 461 1798 χαρτοθεοίιον
489 1717 794 1800 circumsonantis
821 1717 982 1799 canitiae.
1025 1716 1070 1780 sie
1091 1717 1171 1780 bene

79 1801 272 1899 Anonymos.
313 1799 473 1861 amatoriis
504 1801 623 1862 mnibus
641 1801 863 1886 patriarchalis
890 1801 997 1863 sacelli
1018 1803 1083 1862 rive
1105 1801 1170 1862 tie-

73 1904 158 1944 saurs
155 1885 346 1948 comitatis.

160 1987 201 2052 93
241 1990 385 2071 σοαγροῦ
414 1997 579 2070 στοιχεῖον]
601 1991 673 2076 apri
698 1993 923 2080 simrdacrum,
927 1993 1009 2054 velut
1033 1991 1077 2053 ad
1099 2011 1169 2053 coe-

75 2075 222 2136 lestis'v
176 2095 218 2156 ss„
205 2077 256 2136 vni
276 2077 428 2138 rationem
449 2075 499 2134 ill
486 2096 497 2134 ι
519 2079 720 2175 comperimus.
763 2068 1038 2156 στοιχειωματικσί
1058 2075 1170 2138 dicun·

77 2123 271 2242 tu1·qn11„⁰ofi
254 2179 344 2219 uras
367 2157 516 2220 eiusmodi
530 2161 746 2222 astronomicas
760 2161 970 2244 superstitiose
991 2160 1169 2222 efformant.

161 2269 202 2333 94
256 2267 389 2350 Συμεών
414 2271 718 2354 παρασεοκιοιίζττο]
748 2275 839 2338 foede
863 2275 941 2338 haec
969 2275 1098 2370 mutila,
1133 2293 1169 2336 ac

80 2354 165 2452 anilo
188 2377 295 2428 sensu,
329 2377 364 2418 ex
387 2359 562 2458 Anonymo
574 2368 606 2418 et
627 2357 769 2420 Cedreno
802 2359 934 2460 snppie·
948 2351 1108 2460 εἰρήνης,
1127 2353 1171 2429 οὖς

77 2437 206 2538 ταύτην
206 2401 401 2538 ἀσπάζοιτο,
424 2436 479 2500 καί
507 2439 563 2502 τοῦ
585 2443 851 2544 φιλοφρονεῖσθαι
883 2434 977 2502 αὐτόν
1005 2461 1058 2500 και
1079 2437 1169 2516 τιμᾶ-

79 2523 168 2623 σθαι,
166 2513 293 2624 ὥσπερ
323 2517 362 2603 riq*
383 2523 438 2584 καί
459 2523 513 2585 snt
538 2525 597 2584 τοῦ
595 2521 771 2622 βασιλέως
793 2524 939 2605 Λέοντος.
983 2518 1097 2584 ote·
1078 2517 1170 2608 avoth

79 2599 134 2664 uni
153 2599 316 2706 αφοοσὺνη
347 2607 518 2704 κρατηθεις
548 2599 634 2678 τούς
651 2607 797 2708 πρέσβεις
833 2603 953 2680 ἀτίμοις
984 2583 1168 2706 ἑξέπιμψιῦ,

80 2678 226 2790 ἀπειλαῖς
242 2685 404 2786 χριόμενος
428 2685 508 2752 κατοὶ
527 2687 669 2767 Συμεών,
689 2711 741 2752 και
769 2688 995 2770 καταπλήττειν
1014 2683 1165 2765 οἰόμενος.

80 2771 137 2853 τῆς
159 2759 216 2832 οὖν
236 2766 362 2852 ιίοὴνης
383 2771 589 2852 διαλυθείσης
611 2769 750 2850 Σαμικόν.

160 2875 199 2940 95
243 2877 334 2940 ioasi
354 2902 415 2941 των
435 2880 572 2960 σχολῶν]
595 2881 725 2942 insolens
748 2880 874 2956 titulus,
899 2902 955 2941 nec
977 2879 1034 2941 nisi
1056 2898 1168 2942 errore

84 2962 202 3022 librarii
225 2983 261 3024 ac
283 2971 380 3024 textus
401 2963 597 3026 mutuatione
619 2972 717 3026 natus.
742 2963 967 3026 emendandum
982 2985 1017 3026 ex
1039 2963 1102 3024 aliis
1124 2983 1167 3048 τῳ

78 3041 208 3126 Δσακός,
230 3037 277 3106 αλ.
299 3043 408 3122 Anaxi,
433 3047 494 3107 τῶν
522 3047 646 3124 σχολῶν
666 3045 852 3130 Δομιστικῷ
873 3047 1065 3110 Constantino
1085 3021 1168 3107 ducis

70 3129 141 3214 filio
162 3131 235 3206 (sive
254 3131 346 3189 etiam
365 3129 456 3206 Daci)
476 3129 558 3190 schol
556 3151 645 3190 αιιιαι
664 3131 836 3192 domestico.

156 3225 197 3325 96
240 3225 330 3312 ἐντῷ
357 3222 602 3312 ἱπποιλοομίῳ
583 3227 732 3310 υπεχιόοη
734 3237 797 3304 σιν]
821 3229 911 3292 Cedr.
941 3219 1024 3306 αἴρας
1044 3225 1166 3289 ἐκεῖθεν

77 3310 121 3382 εἷς
141 3307 174 3373 τὸ
196 3287 404 3389 ἱπποδρόμιον
427 3313 640 3390 πασαγίνειαι.
668 3334 700 3372 se
720 3316 753 3374 ιἰι
773 3313 891 3374 Circam
920 3313 1075 3373 subduxit.
1102 3309 1165 3372 dif-

77 3395 154 3457 fieile
177 3394 263 3472 mihi,
286 3397 329 3456 uti
350 3401 381 3456 et
402 3391 584 3491 Xyianer
606 3396 801 3477 quomodoa
824 3395 907 3458 Circi
928 3404 1021 3478 porta
1041 3395 1168 3456 submo-

79 3488 140 3573 tua·
157 3499 215 3562 pro
219 3480 315 3540 fectus
337 3476 410 3540 inde
431 3501 462 3538 in
480 3479 606 3538 Circum
630 3481 750 3542 venerit
773 3489 827 3540 aut
848 3501 879 3541 se
901 3479 931 3539 in
956 3501 1026 3542 eum
1049 3477 1168 3540 subdu-

79 3561 164 3622 xerit.
206 3581 269 3622 non
291 3562 373 3622 enim
397 3563 545 3644 congruit
567 3561 653 3646 quod
675 3562 831 3626 redditam
860 3571 913 3641 est,
940 3563 1028 3623 Circo
1047 3583 1078 3621 se
1096 3561 1169 3621 sub-

78 3643 175 3705 ducit:
198 3647 254 3706 nisi
276 3646 361 3708 sorte
381 3665 440 3726 per
463 3645 552 3706 aliam
575 3656 711 3727 portam,
734 3647 883 3708 maiorive
900 3609 1050 3743 impetu
1042 3666 1073 3704 ιιι
1097 3643 1169 3704 Cis·-

80 3747 149 3788 cam
171 3730 326 3812 perrupit,
348 3737 479 3811 tumque
500 3749 537 3790 eo
559 3739 713 3810 occupato
734 3731 774 3790 ad
796 3729 971 3792 Chalcem
962 3749 1059 3812 ipsam
1081 3727 1168 3810 psia-

83 3809 117 3872 tii
140 3818 265 3891 portam
286 3813 471 3894 penetrarit,
497 3813 526 3874 in
541 3834 602 3897 qua
621 3813 721 3896 gravis
743 3812 792 3874 illu
815 3835 919 3898 pugna
933 3821 1074 3876 conserta
1096 3811 1166 3873 fuit.

82 3894 124 3955 sic
145 3891 287 3977 equidem
310 3896 458 3958 existimo.

158 3989 197 4053 97
240 3991 374 4066 πολλοσς
396 3994 457 4057 τῶν
487 3995 520 4057 ἐν
541 3992 635 4070 τέλει]
658 4017 728 4059 enm
751 3995 940 4081 anonymo,
963 3995 1011 4058 rel
1032 3987 1169 4069 πολλοὺς

80 4074 139 4138 τῶν
158 4078 371 4159 συγκλητικῶν
392 4099 462 4142 cura
486 4078 641 4142 Cedrcno.
