2750 4602
214 263 271 328 DE
288 257 641 330 messaaomcaa
667 258 826 328 anmals
845 257 990 328 cleta.
1091 257 1159 326 511

67 439 126 482 οαι
146 410 269 500 θράσος
288 411 440 497 ύψιστον·
489 411 536 478 ἐτι
559 414 596 478 δέ
623 414 679 478 κατ’
697 410 755 488 τάς
775 415 959 498 περιέργους
980 408 1163 493 συνδρομάς

66 519 125 582 καί
147 513 360 597 καταδρομάς,
381 511 420 589 ἃς
438 513 472 580 τὸ
493 512 624 598 ἔναγχος
644 506 710 578 οἶδε
730 516 836 596 δέρος,
858 514 904 586 εἰς
923 511 1018 576 οὐδὲν
1040 513 1121 576 dios.

150 615 237 684 'Ati’
264 607 347 680 ai'ore
374 614 415 678 ου’
433 616 527 679 τούτο
560 611 600 695 δὴ
633 610 669 676 τά
691 608 835 696 ἐλαφράν
857 614 1023 696 delinimus
1043 611 1164 678 δίκαιον

67 707 196 799 άνδρα,
230 706 284 779 οἷα
313 712 509 800 δύσχρηστον
529 711 596 789 τοῖς
617 711 843 796 δυσαρέστοις,
864 709 945 776 cilici
967 713 1023 776 sui
1041 707 1164 794 κρύψαι

37 816 113 889 δεῖς
132 817 207 898 γῆν·
248 810 283 878 τά
304 810 483 897 βαρύτατον
501 812 763 895 τιροσεπιλεκτέον
786 818 854 886 τοῖς
873 812 1065 884 αἰτιατέοις·
1108 807 1164 874 καί

65 912 140 986 τούς
158 913 229 978 κατ’
258 903 405 994 nitidius
433 907 656 994 praeproperis
685 911 737 996 ἐφ’
759 901 806 985 οἷς
824 911 882 973 oris
903 910 1011 993 ἐχρῆν,
1033 907 1066 974 οδ
1081 909 1162 992 βοάς

66 1011 174 1096 μάχης
195 1009 341 1097 α’φύκτου
361 1009 438 1094 ἡμῖν
459 1012 657 1093 ἐπέρρηξαν·
698 1006 756 1084 τάς
777 1005 833 1074 tut
853 1005 1058 1092 παραθήκαις
1080 1010 1160 1074 αἰτο-

66 1110 240 1196 σττρὴσεις,
261 1100 307 1174 σάν
327 1111 430 1174 ἐντκεν
449 1097 747 1192 ἐπεπλούτισδιγμεν,
767 1109 799 1172 εἰ
816 1109 872 1172 sni
888 1109 1003 1189 ysicius
1021 1107 1159 1172 κιένταύ-

64 1215 111 1276 θα
127 1206 241 1285 πάντες
261 1209 293 1274 oi
311 1205 359 1274 ἐτι
381 1201 495 1294 ἄνδρες
514 1211 573 1274 τού
592 1204 749 1274 πλούτου·
792 1205 853 1283 τάς
871 1209 932 1272 τοῖν
950 1204 1158 1292 γραμματίων

1219 129 1236 160 Ι

18 1328 56 1384 10
65 1305 353 1392 άποπροσποιὴσεις
364 1356 374 1390 ,
409 1299 454 1374 οἷν
474 1309 615 1392 σταυροῦ
631 1309 739 1390 τιμίου
759 1304 857 1382 τύπος
877 1309 1072 1392 προλάμποον
1090 1299 1216 1379 circlo?

65 1405 121 1474 καέ
141 1404 267 1492 μνήμην
296 1409 354 1492 τῆς
383 1407 477 1490 ύγιάς
511 1403 641 1493 τριάδος
673 1409 730 1472 τού
756 1403 827 1482 ἐνὸς
847 1409 903 1472 καί
921 1403 1061 1491 μεγάλου
1079 1407 1159 1472 θεοῦ
1269 1481 1273 1494 Ι

64 1506 228 1590 ἐπεισάγει
245 1507 527 1591 προγεγραμμένην
548 1504 627 1590 πράς
646 1500 780 1572 ἑκάστου
801 1509 864 1572 τῶν
883 1503 967 1572 ούτιο
985 1511 1160 1573 υυναλλοτ.

63 1605 188 1692 τόντιον,
209 1603 288 1673 einai
305 1603 362 1670 soi
380 1598 522 1687 ὤμνυον·
563 1599 641 1691 ὅπερ
662 1591 733 1672 κατ’
748 1605 911 1690 ἐπιορκίας
930 1603 1069 1692 ἔγκλημα
1089 1608 1157 1682 ἐξε-
1251 1685 1257 1698 ι

65 1707 249 1788 nauperes
266 1703 343 1790 ἡμῖν
365 1709 510 1792 φανεραῖς
531 1703 584 1772 τάν
603 1704 688 1772 θεάν.

14 1823 55 1878 1⁵
152 1807 196 1872 Τί
209 1829 266 1886 μοι
297 1808 485 1888 α’ναμετρεῖν
518 1803 558 1872 τά
577 1809 676 1870 πλείω
698 1802 796 1892 αἴτια,
817 1802 896 1871 ἔνθα
915 1805 960 1889 μή
982 1803 1064 1871 πάνυ
1085 1830 1155 1871 και-

62 1903 141 1991 ράς;
163 1907 291 1990 α’ρκέοει
309 1905 406 1987 μάνον
424 1908 525 1971 εἰπεῖν
547 1902 591 1982 οἷς
610 1903 731 1982 δίκαιος
750 1903 859 1982 ὁδούς
878 1909 935 1970 κατ’
953 1901 1155 1982 δικαιοσύνας

62 2008 182 2092 α’γαπρῑ.
240 2004 290 2070 διό
320 1995 392 2071 arira
419 2007 510 2089 μερίς
536 2003 621 2095 αύτρῑ
650 2003 731 2091 πρδς
753 2005 827 2081 τούς
846 2003 889 2090 με]
912 2003 1083 2092 τοιούτους,
1103 2005 1157 2072 καὶ

61 2107 136 2170 orid’
163 2095 204 2170 άν
232 2103 343 2189 οἰκήσει
376 2109 449 2170 ποτὲ
478 2112 610 2187 συχναῖς
646 2103 796 2187 μεδόδοις
823 2103 1053 2190 μετερχόμενος
1083 2103 1156 2182 τούς

63 2199 136 2270 ὅσοι
153 2211 218 2278 τοῖς
241 2205 385 2270 α’δικούσι
403 2201 669 2282 συνεξετάζονται.

15 2321 53 2376 20
150 2307 244 2370 Ausci
264 2325 334 2383 μοι,
367 2296 543 2368 άπολῖται
570 2307 625 2368 κατ’
658 2305 699 2367 δι’
729 2296 811 2368 dtus
830 2309 1078 2384 συναεθλευταέ,
1099 2309 1155 2371 καί

61 2399 156 2486 ύμεϊς
176 2403 222 2484 δέ,
242 2393 270 2466 σά
289 2402 450 2485 νεήλυδες,
471 2397 696 2487 ἠκριβοισάμνμ
715 2402 897 2488 διαγράψας
918 2401 957 2468 τά
977 2407 1050 2468 καθ’
1071 2404 1154 2487 ἡμᾶς

60 2655 205 2716 percussae
236 2646 263 2691 et
283 2639 423 2692 andaciam
441 2654 569 2693 summam
591 2645 733 2709 expertae3
761 2645 900 2710 praeterea
923 2639 957 2691 de
978 2641 1077 2710 ineptis
1093 2635 1150 2694 illis

60 2710 239 2766 concursibus
258 2711 550 2782 cursitetionibusque,
568 2725 634 2782 quas
652 2717 738 2764 aestas
766 2711 888 2782 proxima
907 2711 985 2777 sidit,
1001 2711 1072 2764 nihil
1089 2712 1151 2766 illas

59 2785 154 2838 utiles.

133 2855 234 2907 Verum
252 2859 283 2904 ut
304 2851 378 2904 haud
403 2858 529 2922 oporteat
562 2851 611 2904 ista
639 2849 750 2922 quidem
768 2852 869 2904 leviora
896 2856 1095 2906 commemorari
1115 2853 1149 2906 ab

60 2925 175 2980 homine
194 2927 276 2986 iusto,
295 2925 398 2994 quippe
416 2940 529 2994 quorum
547 2921 649 2976 mentio
670 2923 775 2976 inutilis
793 2923 828 2977 sit
848 2923 1001 2976 hominibus
1019 2926 1149 2995 implaca-

59 2997 181 3058 bilibus,
202 2993 250 3047 sed
272 2995 352 3046 etiam
370 3002 440 3046 terra
461 2993 567 3062 obtegi:
598 2995 780 3062 gravissimum
805 3002 877 3046 certe
898 2995 1088 3048 recensendum
1108 3003 1150 3050 sat

59 3071 90 3122 in
111 3067 197 3120 causis
215 3065 473 3136 perniciei‘nostrae
489 3101 498 3130 ,
514 3073 622 3118 mutrrae
641 3064 674 3116 de
694 3065 790 3126 rebus·
802 3063 836 3116 de
856 3067 953 3136 quibus
972 3068 1081 3118 minime
1098 3067 1148 3120 de-

59 3139 159 3204 cebat,
181 3137 395 3197 susurrationes,
424 3153 494 3206 quae
521 3137 664 3188 olanrorena
695 3137 845 3189 certaminis
864 3139 1045 3190 exitiosissimi
1068 3137 1148 3191 nobis

59 3213 232 3271 excitarunt3
257 3208 398 3278 pignorum
419 3207 633 3271 interversiones,
660 3207 758 3278 quibus
776 3206 856 3260 ditati
870 3225 968 3272 sumus,
986 3225 1147 3280 quamquam

59 3283 107 3335 hic
123 3281 166 3333 illi
187 3279 292 3342 rident,
312 3279 357 3349 qui
387 3278 540 3330 etiamnunc
557 3277 709 3331 divitiarum
727 3287 845 3332 amantes
871 3289 950 3346 sunt3
970 3281 1146 3334 inficiationes

59 3354 226 3426 pactionum,
243 3348 343 3420 quibus
361 3351 500 3420 praelucet
522 3349 685 3402 venerabilia
709 3352 793 3402 crucis
813 3352 916 3419 imago,
935 3351 1034 3404 deinde
1050 3351 1146 3405 subse-

59 3426 155 3496 quitur
171 3423 253 3475 etiam
272 3421 375 3472 mentio
401 3429 509 3473 sanctae
534 3422 661 3472 trinitatis
688 3421 767 3472 unius
788 3431 815 3474 et
834 3424 1027 3492 omnipotentis
1045 3423 1089 3476 dei
1111 3423 1145 3476 ab

61 3505 178 3565 utroque
199 3491 347 3564 perscripta
358 3492 559 3562 paciscentium,
579 3493 968 3562 pactionemqueinreiurando
986 3495 1145 3548 coniirman·

60 3569 147 3620 tium:
167 3581 236 3636 quae
264 3581 304 3614 res
325 3571 437 3633 propter
454 3565 553 3615 crimen
580 3563 690 3634 periurii
711 3563 790 3615 deum
808 3567 957 3618 necessario
976 3565 1055 3618 nobis
1073 3567 1146 3620 inle-

60 3647 133 3690 stum
153 3637 225 3688 lecit.

139 3705 213 3775 Quid
230 3721 323 3764 causas
344 3704 467 3756 miseriae
485 3705 550 3756 alias
570 3709 669 3758 multas
688 3723 841 3776 persequar,
861 3706 909 3758 ubi
926 3704 1004 3757 deest
1022 3708 1147 3778 ternpus?

63 3777 178 3830 sufficiat
194 3780 341 3841 monuisse,
359 3775 439 3828 (ioum
451 3777 547 3828 iustum
562 3784 590 3826 et
601 3777 720 3828 iustitiae
738 3787 871 3830 amantem
890 3793 958 3828 esse:
980 3793 1064 3846 quare
1083 3779 1146 3830 nul-

61 3852 115 3904 lam
141 3848 188 3899 ille
208 3848 421 3898 communionem
447 3846 529 3900 habet
547 3865 604 3897 cum
624 3847 796 3910 hominibus,
817 3849 864 3918 qui
883 3848 991 3915 ingenio
1022 3847 1145 3902 dissimili

60 3927 139 3980 sunt,
157 3933 246 3985 neque
272 3917 386 3970 cessabit
410 3934 527 3986 unquam
547 3919 627 3969 variis
647 3918 698 3969 siis
717 3920 843 3972 insectari
857 3935 959 3982 omnes,
977 3921 1025 3987 qui
1045 3921 1075 3973 in
1091 3939 1145 3974 nu-

59 4007 135 4043 mero
154 3989 314 4054 iniustorum
332 3987 575 4058 deprehendentur.

131 4057 233 4110 Videor
251 4057 326 4120 mihi,
345 4063 415 4111 cives
434 4069 490 4112 tum
510 4060 559 4111 rite
574 4057 715 4110 nobiscum
733 4058 890 4122 militantes,
909 4066 966 4110 tuns
979 4077 1034 4123 ros,
1052 4077 1143 4113 recens

60 4129 215 4203 conscripti,
236 4136 357 4182 accurate
372 4139 400 4182 et
416 4131 529 4184 solerter
539 4129 692 4202 exposuisse
705 4145 746 4182 res
758 4137 871 4192 nostras,
891 4138 918 4182 et
935 4133 1012 4202 quasi
1028 4133 1144 4202 imagine
