2762 4622
231 234 304 308 2³6
543 239 687 308 tholus
715 237 975 310 GRAMMATICI

228 388 267 472 τό
284 391 470 476 Ἀσηκρητόσ
488 394 614 472 κρατοῦν
633 388 691 467 τός
710 390 875 477 όνσφορύς
887 392 1032 476 εἰσῆλθεν
1051 393 1096 468 εἷς
1110 393 1145 458 τό
1163 394 1316 460 Aevom·

230 489 304 554 κόν·
345 493 400 552 καί
420 489 691 573 περιβλεψάμενος
713 487 797 556 εἶδεν
807 489 939 576 Βόρδαν
960 489 1168 570 καθεζόμενον
1188 491 1315 576 ἔμπρα-
1367 527 1368 532 ¹

178 595 311 652 ·Βκτον.
354 589 410 651 κατ’
428 590 599 673 ταραχθείς
611 591 768 674 ’σφοδρούς
789 587 852 674 ἔφη
872 583 922 652 ότι
941 587 1000 671 ἑγιό
1016 591 1166 656 εἰσελθών
1187 593 1233 667 εἰς
1253 591 1314 675 τὴν

226 682 417 770 Αύγούσταν
438 687 530 754 πόλιν
550 687 690 754 όκδιιόκιο
713 685 821 754 αδτόν.
875 685 1064 765 εἰσελθόντος
1084 694 1120 755 δὲ
1141 692 1241 755 αύτού
1264 695 1312 766 εἰς

226 785 260 851 τό
284 785 453 869 δρολόγιον
472 787 712 873 προύπὴντησεν
734 789 819 876 αύτῷ
835 785 972 870 Μιχαὴλ
993 783 1231 876 όμαΔαμιανῷ,
1254 791 1312 855 κατ’
1319 803 1337 855 5

225 889 284 950 ούκ
306 883 410 950 εἴασεν
427 886 581 950 εἰσελθεῖν
601 887 868 971 πρὸςΘεοδοόρατ,
888 888 955 950 ἀλλ’
977 885 1147 972 ἐκελεύσθη
1164 897 1231 970 μετ’
1254 891 1311 972 ὀρ-

224 989 281 1069 γῆς
303 987 429 1064 α’νοῖξαι
450 987 505 1062 τός
527 985 689 1072 όναφορύς
709 983 765 1051 κατ’
791 987 967 1068 δνογνιόναι
987 984 1165 1068 ἔμπροσθεν
1184 991 1309 1054 aurur-

225 1089 280 1152 καί
297 1077 411 1149 ύκοντα
426 1087 517 1150 τοῦτο
547 1083 720 1169 ποιήσαντα
748 1090 955 1168 ἀπέστρεψεν
985 1085 1079 1152 αύτόν
1100 1088 1146 1162 εἰς
1167 1089 1312 1151 scrinium

225 1186 374 1262 ἐξελθεῖν.
416 1183 433 1248 ό
466 1186 500 1250 δὲ
524 1188 642 1268 πικρούς
662 1185 809 1271 δακρύων
837 1187 893 1248 καί
913 1178 1145 1272 ὀλοφυρόμενος
1166 1187 1310 1270 ἐξῆλθεν.

224 1282 398 1369 συνήντησε
426 1285 462 1349 δὲ
481 1287 565 1374 adrui
589 1285 720 1370 Βόρδοις
739 1283 815 1350 κατό
846 1283 880 1350 τό
904 1285 1101 1367 Λαυσιανόν,
1121 1290 1175 1350 καὶ
1194 1279 1310 1368 ἤρξατο
1322 1299 1354 1352 to

223 1382 303 1454 κατὰ
325 1382 439 1469 κόρρης
458 1385 564 1450 παύειν
583 1383 681 1450 αότόν
694 1386 749 1450 καί
767 1389 883 1450 τίλλειν
903 1382 959 1462 τός
978 1385 1210 1466 τρόχοςαύτού.
1233 1382 1312 1450 todo

223 1487 260 1548 δὲ
278 1479 297 1546 ό
317 1480 522 1566 δρουγγόριος
545 1485 601 1567 τῆς
618 1485 729 1566 βόγλας
749 1483 767 1547 ό
789 1481 961 1566 Μανιόκης
990 1483 1129 1560 α’ναστός
1148 1485 1312 1565 ἀντέλεγεν

192 1585 267 1671 θεῷ
287 1583 401 1670 Βύρδηι
421 1581 466 1667 μὴ
487 1583 612 1648 τύπτειν
633 1581 689 1648 τόν
704 1586 881 1667 λογοθότην.
923 1581 941 1647 ό
963 1583 999 1648 δὲ
1019 1583 1152 1665 Βόρδπς
1174 1581 1307 1664 όποκρι-

221 1685 292 1758 θεός
312 1680 451 1746 κελεύσει
472 1685 529 1748 τού
549 1687 705 1763 βασιλέως
724 1687 814 1748 τούτο
842 1691 954 1748 ποιεῖν.
997 1677 1137 1768 ἀνεφάνη
1158 1683 1195 1746 δὲ
1215 1679 1270 1744 κατ’
1290 1679 1310 1743 ό

219 1780 370 1864 βασιλεύς
390 1781 430 1868 τῇ
455 1785 555 1868 βουλῇ
578 1785 635 1846 τού
654 1784 841 1864 Δαμιανού,
869 1786 923 1847 καί
946 1785 1057 1847 τοῦτον
1078 1780 1156 1845 ἰδών
1174 1777 1308 1862 Βόρδας
1319 1797 1352 1850 15

220 1875 289 1960 ἅμα
311 1881 354 1968 spi
378 1877 527 1968 Θεοφάνη
550 1883 594 1970 τῷ
615 1881 781 1970 matrim,
803 1873 937 1966 ύραντες
957 1880 1012 1946 τόν
1031 1883 1197 1964 λογοθέτην
1219 1875 1310 1965 σφύ-

221 1981 330 2058 ζουσιν
348 1975 444 2044 αότόν
456 1979 512 2044 καί
522 1979 660 2064 μεληδὸν
676 1977 925 2045 κατακόπτουσιν
940 1982 984 2055 εἷς
996 1979 1035 2044 τύ
1056 1977 1175 2045 Σκύθα.
1216 1981 1309 2042 τούτο

218 2081 370 2158 μαθοῦσα
390 2075 474 2162 παρὰ
495 2082 552 2143 τού
571 2084 689 2143 παπδου
703 2076 866 2162 Θεοδόρα,
889 2077 1151 2158 ἐξελθούσακατό
1164 2077 1221 2143 τού
1233 2081 1307 2144 Μι-

218 2179 313 2262 χαὴλ,
336 2177 380 2252 ὥς
400 2177 490 2262 εἰκός,
511 2179 741 2264 η’γανόκτησεν·
783 2177 838 2244 καὶ
857 2183 916 2244 τοῦ
936 2183 1090 2259 βασιλέως
1112 2181 1208 2243 παντὶ
1227 2175 1306 2262 τρό-

220 2301 268 2364 nep
288 2281 515 2362 μηχανωμένου
535 2276 590 2362 την
608 2277 729 2362 μητέρα
748 2278 985 2363 ε’ξιλεοόσοσθαι,
1008 2275 1090 2361 αύτη
1102 2277 1350 2362 οἷπαρηγόρη-σο

220 2399 273 2450 τος
294 2374 428 2460 ἔμεινεν,
448 2377 531 2461 μήτε
562 2373 619 2462 την
638 2377 734 2462 όργην
758 2379 912 2464 ύφιεμὲνη
933 2377 1012 2460 μήτε
1030 2378 1306 2460 παραμυθουμένη

219 2479 309 2543 τισόν.
333 2473 405 2542 όθεν
425 2477 612 2558 μεταβαλών
632 2477 648 2540 ό
667 2475 827 2560 βασιλεύς,
844 2471 948 2560 όόσπερ
972 2474 1028 2559 τήν
1048 2473 1158 2559 ψυχὴν
1179 2477 1236 2538 κατ’
1246 2473 1305 2558 την

219 2579 353 2663 ννοόμην,
375 2571 457 2644 odem
480 2575 516 2664 δη“
537 2581 593 2644 καί
611 2575 647 2644 τό
667 2581 776 2663 σχῆμα
803 2579 857 2644 καί
877 2575 935 2662 την
955 2577 1123 2661 ἐνέργειαν,
1144 2574 1306 2650 τοσούτοις

223 2834 255 2878 ιιι
271 2827 385 2892 solebat,
403 2827 501 2882 deinde
520 2830 549 2882 in
566 2829 705 2882 secretum
725 2845 754 2881 re
773 2827 921 2898 recipiens,
940 2826 1099 2878 relationum
1117 2823 1226 2876 libellos
1245 2839 1303 2876 ma-

223 2898 304 2950 nibus
333 2907 427 2951 tenens
458 2903 614 2953 Lamiacum
640 2903 773 2968 ingressus
793 2907 852 2963 est,
877 2907 905 2950 et
924 2897 986 2950 hine
1005 2895 1069 2948 inde
1088 2895 1303 2966 circumspiciens

223 2967 334 3020 ilerdam
353 2970 488 3023 sedentem
508 2981 535 3024 et
553 2979 706 3042 sumptuose
724 2972 849 3022 vestitum
867 2969 950 3034 eidit3
971 2967 1197 3037 vehementerque
1211 2967 1303 3018 turha-

222 3047 266 3090 tus
286 3039 357 3093 dixit
371 3043 523 3110 “ingressus
543 3042 576 3093 ad
595 3049 740 3112 Augustam
767 3059 856 3093 rursus
877 3039 1012 3092 hominem
1039 3039 1143 3089 eliciam
1162 3045 1190 3089 et
1208 3032 1303 3089 detur-

224 3109 306 3162 babo.
343 3113 389 3164 “ei
407 3129 469 3164 vero
489 3113 523 3164 ud
544 3114 712 3179 horologium
740 3099 878 3182 pohgresso
897 3111 1013 3163 Miehuel
1030 3127 1087 3162 cum
1107 3109 1237 3160 Damiano
1256 3123 1304 3158 re-

222 3183 264 3232 nit
283 3181 397 3246 obviam,
415 3201 465 3235 uec
481 3184 516 3236 ad
533 3183 699 3243 Theodoram
728 3181 831 3250 ingredi
856 3182 986 3254 permisit,
1006 3179 1053 3232 sed
1071 3179 1178 3230 libellos
1196 3179 1321 3248 aperire·

224 3261 356 3304 eteorum
376 3255 465 3323 legere
483 3273 541 3306 eum
562 3258 652 3307 surore
673 3255 821 3325 imperavit.
866 3252 895 3303 id
916 3269 976 3304 vero
997 3259 1174 3321 exequentem
1193 3247 1303 3300 domurn

222 3323 325 3391 regredi
346 3334 373 3377 et
395 3334 464 3378 retro
483 3325 556 3378 abire
581 3327 728 3396 praecepit.
769 3325 818 3376 ills
836 3339 924 3374 amare
951 3322 1017 3374 llens
1036 3331 1064 3372 et
1080 3321 1184 3372 eiulans
1201 3319 1303 3370 ‹lieces-

222 3395 259 3446 sit
283 3394 317 3445 ael
338 3398 503 3449 Lauriacum.
541 3415 620 3468 porro
638 3395 735 3447 Bnrdae
761 3395 885 3456 occurrit,
914 3393 1088 3462 colaphisque
1107 3391 1142 3442 nd
1159 3407 1239 3458 genas
1259 3391 1303 3440 in-

221 3481 325 3518 cessere
343 3477 370 3520 et
390 3469 502 3538 capillos
520 3469 578 3520 eius
597 3467 707 3518 vellere.
744 3483 777 3518 eo
795 3473 940 3534 conspecto
952 3464 1108 3530 drungarius
1128 3461 1302 3512 excubiarum

221 3536 356 3590 Manlacee
377 3539 474 3590 linulse
494 3537 644 3600 assistebat,
662 3547 689 3590 et
710 3555 745 3588 ne
763 3535 926 3604 logothetam
945 3543 1097 3606 percuteret
1114 3533 1142 3584 in
1161 3531 1303 3583 adeersum

222 3609 355 3662 monebat.
393 3609 488 3661 hardus
507 3609 674 3680 imperatoris
695 3609 767 3658 iussu
785 3605 814 3657 id
833 3623 861 3658 se
883 3607 969 3657 lucere
987 3603 1132 3674 respondit.
1168 3611 1233 3655 tunc
1249 3604 1304 3652 im-

222 3689 329 3748 perator
348 3697 380 3732 ex
403 3681 525 3732 Damiani
554 3681 667 3731 consilio
696 3680 724 3728 in
743 3677 858 3728 metlium
877 3695 905 3728 se
926 3677 1047 3746 protulit,
1066 3691 1153 3744 eoque
1172 3675 1229 3724 riso
1247 3689 1303 3724 une

222 3765 282 3800 cum
304 3750 471 3822 Theophane
489 3751 622 3820 Pbulgnno
642 3749 806 3816 logothetam
836 3747 981 3799 hincinde
1003 3747 1153 3816 impetitum
1170 3741 1303 3810 ad·Seyla

222 3821 337 3872 occisum
358 3822 525 3874 membratim
543 3821 722 3888 minutimque
750 3817 883 3871 dividunt.
919 3817 993 3888 quod
1017 3835 1076 3868 curn
1096 3833 1110 3868 a
1129 3817 1209 3886 papia
1226 3813 1304 3866 dieli-

222 3889 302 3941 eisset
318 3891 476 3954 Theodora,
504 3909 640 3962 progressa
663 3889 786 3942 aslversna
810 3889 980 3952 hliclaaelem,
999 3897 1080 3959 prout
1097 3903 1212 3956 aequum
1235 3893 1302 3948 erat,

223 3957 362 4026 indignata
382 3971 440 4027 σοις
458 3971 486 4014 et
505 3965 664 4031 imperatore
684 3961 768 4013 modis
793 3960 918 4028 omnibus
950 3961 1056 4030 placare
1075 3959 1214 4018 moliente,
1236 3957 1301 4008 nul-

223 4028 278 4080 lum
296 4032 354 4098 ipsu
372 4033 492 4084 solamen
510 4033 632 4095 admisit,
657 4049 746 4102 neque
768 4033 832 4083 iram
853 4033 982 4084 relaxarit
1000 4029 1047 4082 adt
1067 4029 1147 4080 leniit
1163 4027 1302 4092 ‹lolorern3

222 4115 256 4152 es
274 4115 329 4172 quo
351 4102 496 4175 imperator
524 4106 553 4157 in
581 4103 664 4156 alium
684 4111 820 4168 mutatus,
840 4111 870 4157 ut
889 4103 1005 4176 priorem
1025 4101 1141 4154 animum
1161 4107 1189 4154 st
1208 4100 1302 4152 cenai-
