<?xml version="1.0" encoding="UTF-8"?>
<!DOCTYPE html PUBLIC "-//W3C//DTD XHTML 1.0 Transitional//EN"
    "http://www.w3.org/TR/xhtml1/DTD/xhtml1-transitional.dtd">
<html xmlns="http://www.w3.org/1999/xhtml" xml:lang="en" lang="en">
 <head>
  <title>
</title>
<meta http-equiv="Content-Type" content="text/html;charset=utf-8" />
  <meta name='ocr-system' content='tesseract 3.04.00' />
  <meta name='ocr-capabilities' content='ocr_page ocr_carea ocr_par ocr_line ocrx_word'/>
</head>
<body>
  <div class='ocr_page' id='page_1' title='image "./chronographia00eustgoog_0428.png"; bbox 0 0 2776 4612; ppageno 0'>
   <div class='ocr_carea' id='block_1_1' title="bbox 233 267 1187 370">
    <p class='ocr_par' dir='ltr' id='par_1_1' title="bbox 233 267 1187 370">
     <span class='ocr_line' id='line_1_1' title="bbox 233 267 1187 370; baseline 0.002 -4"><span class='ocrx_word' id='word_1_1' title='bbox 233 303 290 366; x_wconf 78' lang='lat' dir='ltr'>no</span> <span class='ocrx_word' id='word_1_2' title='bbox 306 303 611 370; x_wconf 73' lang='lat' dir='ltr'>rflmsrmnrcs</span> <span class='ocrx_word' id='word_1_3' title='bbox 629 303 658 366; x_wconf 81' lang='lat' dir='ltr'>s</span> <span class='ocrx_word' id='word_1_4' title='bbox 675 303 833 370; x_wconf 73' lang='lat' dir='ltr'>cerinis</span> <span class='ocrx_word' id='word_1_5' title='bbox 852 302 995 370; x_wconf 80' lang='lat' dir='ltr'>carra.</span> <span class='ocrx_word' id='word_1_6' title='bbox 1085 295 1157 368; x_wconf 74' lang='lat'>385</span> <span class='ocrx_word' id='word_1_7' title='bbox 1181 267 1187 283; x_wconf 85' lang='grc'><em>’</em></span> 
     </span>
    </p>
   </div>
   <div class='ocr_carea' id='block_1_2' title="bbox 32 447 1227 2630">
    <p class='ocr_par' dir='ltr' id='par_1_2' title="bbox 32 447 1227 2630">
     <span class='ocr_line' id='line_1_2' title="bbox 71 447 1161 539; baseline 0.001 -23"><span class='ocrx_word' id='word_1_8' title='bbox 71 450 128 519; x_wconf 74' lang='grc' dir='ltr'>ναὶ</span> <span class='ocrx_word' id='word_1_9' title='bbox 146 447 314 538; x_wconf 80' lang='grc' dir='ltr'><strong><em>ἕκρῆγνυσι</em></strong></span> <span class='ocrx_word' id='word_1_10' title='bbox 345 451 380 518; x_wconf 87' lang='grc' dir='ltr'><strong><em>τά</em></strong></span> <span class='ocrx_word' id='word_1_11' title='bbox 403 453 577 538; x_wconf 75' lang='grc' dir='ltr'><strong><em>λνάάμυχον</em></strong></span> <span class='ocrx_word' id='word_1_12' title='bbox 609 448 702 518; x_wconf 77' lang='grc' dir='ltr'><strong><em>ὁποῖά</em></strong></span> <span class='ocrx_word' id='word_1_13' title='bbox 724 477 772 530; x_wconf 90' lang='grc' dir='ltr'>τις</span> <span class='ocrx_word' id='word_1_14' title='bbox 794 451 903 539; x_wconf 80' lang='grc' dir='ltr'><strong><em>ταφάς</em></strong></span> <span class='ocrx_word' id='word_1_15' title='bbox 921 451 1089 536; x_wconf 84' lang='grc' dir='ltr'><strong><em>ταρτάριος</em></strong></span> <span class='ocrx_word' id='word_1_16' title='bbox 1109 454 1161 532; x_wconf 72' lang='grc' dir='ltr'>βά-</span> 
     </span>
     <span class='ocr_line' id='line_1_3' title="bbox 73 546 1162 638; baseline 0 -22"><span class='ocrx_word' id='word_1_17' title='bbox 73 575 153 628; x_wconf 87' lang='grc' dir='ltr'><strong><em>αιος.</em></strong></span> <span class='ocrx_word' id='word_1_18' title='bbox 195 550 226 616; x_wconf 84' lang='lat' dir='ltr'>oi</span> <span class='ocrx_word' id='word_1_19' title='bbox 247 557 354 618; x_wconf 89' lang='grc' dir='ltr'><strong><em>τοι’νυν</em></strong></span> <span class='ocrx_word' id='word_1_20' title='bbox 382 557 548 636; x_wconf 68' lang='grc' dir='ltr'><strong><em>Καίσαρες</em></strong></span> <span class='ocrx_word' id='word_1_21' title='bbox 575 551 808 638; x_wconf 70' lang='grc' dir='ltr'>βεβαιώσαντες</span> <span class='ocrx_word' id='word_1_22' title='bbox 829 549 863 617; x_wconf 87' lang='lat' dir='ltr'>cd</span> <span class='ocrx_word' id='word_1_23' title='bbox 883 554 951 627; x_wconf 74' lang='grc' dir='ltr'><strong><em>δέος</em></strong></span> <span class='ocrx_word' id='word_1_24' title='bbox 984 553 1018 616; x_wconf 69' lang='grc' dir='ltr'><strong><em>ἐν</em></strong></span> <span class='ocrx_word' id='word_1_25' title='bbox 1036 546 1162 626; x_wconf 71' lang='grc' dir='ltr'><strong><em>ἑαυτοῖς</em></strong></span> 
     </span>
     <span class='ocr_line' id='line_1_4' title="bbox 73 646 1161 736; baseline 0 -22"><span class='ocrx_word' id='word_1_26' title='bbox 73 653 133 714; x_wconf 78' lang='lat' dir='ltr'>eain</span> <span class='ocrx_word' id='word_1_27' title='bbox 153 646 239 734; x_wconf 76' lang='grc' dir='ltr'><strong><em>εἶχον</em></strong></span> <span class='ocrx_word' id='word_1_28' title='bbox 267 650 321 717; x_wconf 82' lang='grc' dir='ltr'>τὸν</span> <span class='ocrx_word' id='word_1_29' title='bbox 341 655 416 718; x_wconf 79' lang='grc' dir='ltr'><strong><em>νοῦν</em></strong></span> <span class='ocrx_word' id='word_1_30' title='bbox 447 651 527 736; x_wconf 81' lang='grc' dir='ltr'><strong><em>πρὸς</em></strong></span> <span class='ocrx_word' id='word_1_31' title='bbox 547 661 613 727; x_wconf 83' lang='grc' dir='ltr'><strong><em>τοῖς</em></strong></span> <span class='ocrx_word' id='word_1_32' title='bbox 631 656 779 718; x_wconf 80' lang='grc' dir='ltr'><strong><em>λαλοῦσιν</em></strong></span> <span class='ocrx_word' id='word_1_33' title='bbox 801 648 844 728; x_wconf 75' lang='grc' dir='ltr'>ὥς</span> <span class='ocrx_word' id='word_1_34' title='bbox 863 653 909 728; x_wconf 83' lang='grc' dir='ltr'><strong><em>εἰς</em></strong></span> <span class='ocrx_word' id='word_1_35' title='bbox 929 649 1059 736; x_wconf 76' lang='grc' dir='ltr'><strong><em>α’γοθόν,</em></strong></span> <span class='ocrx_word' id='word_1_36' title='bbox 1081 646 1161 714; x_wconf 86' lang='grc' dir='ltr'><strong><em>άλλά</em></strong></span> 
     </span>
     <span class='ocr_line' id='line_1_5' title="bbox 71 747 1167 839; baseline -0.002 -27"><span class='ocrx_word' id='word_1_37' title='bbox 71 753 116 837; x_wconf 73' lang='grc' dir='ltr'><strong><em>τῷ</em></strong></span> <span class='ocrx_word' id='word_1_38' title='bbox 135 756 404 839; x_wconf 81' lang='grc' dir='ltr'><strong><em>παραμεμιγμένιρ</em></strong></span> <span class='ocrx_word' id='word_1_39' title='bbox 423 749 605 834; x_wconf 85' lang='grc' dir='ltr'><strong><em>πικράζοντι</em></strong></span> <span class='ocrx_word' id='word_1_40' title='bbox 636 750 691 816; x_wconf 79' lang='grc' dir='ltr'><strong><em>καί</em></strong></span> <span class='ocrx_word' id='word_1_41' title='bbox 714 747 750 814; x_wconf 82' lang='grc' dir='ltr'><strong><em>τά</em></strong></span> <span class='ocrx_word' id='word_1_42' title='bbox 771 749 937 833; x_wconf 86' lang='grc' dir='ltr'><strong><em>γλυκάζειν</em></strong></span> <span class='ocrx_word' id='word_1_43' title='bbox 956 753 1068 814; x_wconf 75' lang='grc' dir='ltr'><strong><em>δοκοῦν</em></strong></span> <span class='ocrx_word' id='word_1_44' title='bbox 1086 749 1167 836; x_wconf 80' lang='lat' dir='ltr'>aisse·-¹</span> 
     </span>
     <span class='ocr_line' id='line_1_6' title="bbox 47 843 1163 932; baseline 0.002 -24"><span class='ocrx_word' id='word_1_45' title='bbox 47 853 234 932; x_wconf 73' lang='grc' dir='ltr'><strong><em>ῠβλὲπαντο,</em></strong></span> <span class='ocrx_word' id='word_1_46' title='bbox 257 849 513 932; x_wconf 77' lang='grc' dir='ltr'>ἐπιτυγχάνοντες</span> <span class='ocrx_word' id='word_1_47' title='bbox 534 851 627 914; x_wconf 77' lang='lat' dir='ltr'>arisai</span> <span class='ocrx_word' id='word_1_48' title='bbox 646 845 737 914; x_wconf 78' lang='grc' dir='ltr'><strong><em>τοῦτο’</em></strong></span> <span class='ocrx_word' id='word_1_49' title='bbox 759 873 803 932; x_wconf 85' lang='grc' dir='ltr'><strong><em>γε.</em></strong></span> <span class='ocrx_word' id='word_1_50' title='bbox 845 849 888 925; x_wconf 74' lang='grc' dir='ltr'>ὥς</span> <span class='ocrx_word' id='word_1_51' title='bbox 908 843 965 913; x_wconf 71' lang='grc' dir='ltr'><strong><em>οὖν</em></strong></span> <span class='ocrx_word' id='word_1_52' title='bbox 983 853 1163 931; x_wconf 71' lang='grc' dir='ltr'>ἀπέγνωστο</span> 
     </span>
     <span class='ocr_line' id='line_1_7' title="bbox 73 941 1165 1034; baseline -0.003 -19"><span class='ocrx_word' id='word_1_53' title='bbox 73 945 92 1032; x_wconf 77' lang='grc' dir='ltr'><em>ἢ</em></span> <span class='ocrx_word' id='word_1_54' title='bbox 114 951 175 1015; x_wconf 74' lang='grc' dir='ltr'><strong><em>τοῖν</em></strong></span> <span class='ocrx_word' id='word_1_55' title='bbox 198 947 383 1032; x_wconf 85' lang='grc' dir='ltr'><strong><em>Καρσάρυον</em></strong></span> <span class='ocrx_word' id='word_1_56' title='bbox 403 950 515 1034; x_wconf 76' lang='grc' dir='ltr'><strong><em>πειθώ,</em></strong></span> <span class='ocrx_word' id='word_1_57' title='bbox 537 951 592 1014; x_wconf 69' lang='lat' dir='ltr'>aas*</span> <span class='ocrx_word' id='word_1_58' title='bbox 614 945 656 1026; x_wconf 74' lang='grc' dir='ltr'>ὥς</span> <span class='ocrx_word' id='word_1_59' title='bbox 675 943 732 1013; x_wconf 84' lang='grc' dir='ltr'><strong><em>σάν</em></strong></span> <span class='ocrx_word' id='word_1_60' title='bbox 753 948 843 1014; x_wconf 83' lang='grc' dir='ltr'><strong><em>ἔσται</em></strong></span> <span class='ocrx_word' id='word_1_61' title='bbox 866 949 968 1014; x_wconf 72' lang='grc' dir='ltr'><strong><em>αὐτῶν</em></strong></span> <span class='ocrx_word' id='word_1_62' title='bbox 988 941 1088 1030; x_wconf 83' lang='grc' dir='ltr'><strong><em>άγραν</em></strong></span> <span class='ocrx_word' id='word_1_63' title='bbox 1106 952 1165 1012; x_wconf 72' lang='lat' dir='ltr'>ds&#39;-</span> 
     </span>
     <span class='ocr_line' id='line_1_8' title="bbox 73 1043 1163 1132; baseline -0.003 -19"><span class='ocrx_word' id='word_1_64' title='bbox 73 1053 153 1114; x_wconf 77' lang='grc' dir='ltr'><strong><em>σθαι</em></strong></span> <span class='ocrx_word' id='word_1_65' title='bbox 173 1046 227 1112; x_wconf 80' lang='grc' dir='ltr'><strong><em>διά</em></strong></span> <span class='ocrx_word' id='word_1_66' title='bbox 254 1046 349 1112; x_wconf 81' lang='grc' dir='ltr'><strong><em>δόλον</em></strong></span> <span class='ocrx_word' id='word_1_67' title='bbox 374 1051 552 1132; x_wconf 77' lang='grc' dir='ltr'><strong><em>διέγνωστο,</em></strong></span> <span class='ocrx_word' id='word_1_68' title='bbox 574 1057 773 1114; x_wconf 80' lang='grc' dir='ltr'><strong><em>κατανοεῖται</em></strong></span> <span class='ocrx_word' id='word_1_69' title='bbox 792 1051 866 1130; x_wconf 72' lang='grc' dir='ltr'><strong><em>βία,</em></strong></span> <span class='ocrx_word' id='word_1_70' title='bbox 887 1051 942 1112; x_wconf 71' lang='lat' dir='ltr'>aar·</span> <span class='ocrx_word' id='word_1_71' title='bbox 960 1046 1073 1112; x_wconf 82' lang='grc' dir='ltr'><strong><em>τὸτοῦ</em></strong></span> <span class='ocrx_word' id='word_1_72' title='bbox 1093 1043 1163 1110; x_wconf 87' lang='grc' dir='ltr'><strong><em>στό-</em></strong></span> 
     </span>
     <span class='ocr_line' id='line_1_9' title="bbox 72 1144 1164 1233; baseline -0.002 -21"><span class='ocrx_word' id='word_1_73' title='bbox 72 1173 170 1229; x_wconf 89' lang='grc' dir='ltr'><strong><em>ματος</em></strong></span> <span class='ocrx_word' id='word_1_74' title='bbox 190 1144 314 1212; x_wconf 86' lang='grc' dir='ltr'><strong><em>άπαλόν</em></strong></span> <span class='ocrx_word' id='word_1_75' title='bbox 334 1147 455 1232; x_wconf 78' lang='grc' dir='ltr'><strong><em>σνλρρά</em></strong></span> <span class='ocrx_word' id='word_1_76' title='bbox 476 1151 547 1232; x_wconf 82' lang='grc' dir='ltr'>χείρ</span> <span class='ocrx_word' id='word_1_77' title='bbox 564 1149 758 1233; x_wconf 76' lang='grc' dir='ltr'>διαδέχεται,</span> <span class='ocrx_word' id='word_1_78' title='bbox 773 1149 827 1212; x_wconf 83' lang='grc' dir='ltr'><strong><em>καί</em></strong></span> <span class='ocrx_word' id='word_1_79' title='bbox 846 1144 1041 1230; x_wconf 77' lang='grc' dir='ltr'><strong><em>τάςβολάδας</em></strong></span> <span class='ocrx_word' id='word_1_80' title='bbox 1063 1147 1164 1230; x_wconf 85' lang='grc' dir='ltr'><strong><em>γλιόσ-</em></strong></span> 
     </span>
     <span class='ocr_line' id='line_1_10' title="bbox 73 1245 1165 1332; baseline -0.006 -20"><span class='ocrx_word' id='word_1_81' title='bbox 73 1271 131 1324; x_wconf 86' lang='grc' dir='ltr'>σας</span> <span class='ocrx_word' id='word_1_82' title='bbox 152 1249 374 1323; x_wconf 83' lang='grc' dir='ltr'><strong><em>συοτειλαντες</em></strong></span> <span class='ocrx_word' id='word_1_83' title='bbox 396 1245 425 1310; x_wconf 80' lang='grc' dir='ltr'>οἱ</span> <span class='ocrx_word' id='word_1_84' title='bbox 444 1249 635 1312; x_wconf 80' lang='grc' dir='ltr'><strong><em>άισπσινιιιοί</em></strong></span> <span class='ocrx_word' id='word_1_85' title='bbox 654 1245 713 1322; x_wconf 88' lang='grc' dir='ltr'><strong><em>τάς</em></strong></span> <span class='ocrx_word' id='word_1_86' title='bbox 731 1251 765 1312; x_wconf 82' lang='grc' dir='ltr'><strong><em>ἐν</em></strong></span> <span class='ocrx_word' id='word_1_87' title='bbox 778 1245 911 1332; x_wconf 72' lang='grc' dir='ltr'><strong><em>σιδήρου</em></strong></span> <span class='ocrx_word' id='word_1_88' title='bbox 923 1251 1077 1327; x_wconf 74' lang='grc' dir='ltr'>μελετῶσι</span> <span class='ocrx_word' id='word_1_89' title='bbox 1098 1267 1165 1328; x_wconf 84' lang='grc' dir='ltr'><strong><em>χει.</em></strong></span> 
     </span>
     <span class='ocr_line' id='line_1_11' title="bbox 33 1339 1165 1432; baseline -0.001 -24"><span class='ocrx_word' id='word_1_90' title='bbox 33 1358 65 1408; x_wconf 84' lang='lat'>10</span> <span class='ocrx_word' id='word_1_91' title='bbox 74 1350 240 1430; x_wconf 74' lang='grc' dir='ltr'><strong><em>ρι’σασθαι.</em></strong></span> <span class='ocrx_word' id='word_1_92' title='bbox 288 1349 345 1412; x_wconf 70' lang='lat' dir='ltr'>&#39;xor&#39;</span> <span class='ocrx_word' id='word_1_93' title='bbox 373 1349 481 1428; x_wconf 79' lang='lat' dir='ltr'>repaire</span> <span class='ocrx_word' id='word_1_94' title='bbox 502 1346 592 1422; x_wconf 65' lang='lat' dir='ltr'>jaceat</span> <span class='ocrx_word' id='word_1_95' title='bbox 621 1349 678 1413; x_wconf 83' lang='grc' dir='ltr'><strong><em>τοῦ</em></strong></span> <span class='ocrx_word' id='word_1_96' title='bbox 699 1344 855 1431; x_wconf 76' lang='grc' dir='ltr'><strong><em>ἱεράρχου</em></strong></span> <span class='ocrx_word' id='word_1_97' title='bbox 873 1346 1093 1432; x_wconf 78' lang='grc' dir='ltr'><strong><em>τραχύνονται,</em></strong></span> <span class='ocrx_word' id='word_1_98' title='bbox 1116 1339 1165 1408; x_wconf 78' lang='grc' dir='ltr'>ὅτι</span> 
     </span>
     <span class='ocr_line' id='line_1_12' title="bbox 71 1442 1166 1530; baseline -0.002 -20"><span class='ocrx_word' id='word_1_99' title='bbox 71 1445 116 1528; x_wconf 74' lang='grc' dir='ltr'>μὴ</span> <span class='ocrx_word' id='word_1_100' title='bbox 145 1447 207 1529; x_wconf 73' lang='grc' dir='ltr'><strong><em>τῆς,</em></strong></span> <span class='ocrx_word' id='word_1_101' title='bbox 233 1448 487 1530; x_wconf 78' lang='grc' dir='ltr'><strong><em>ε’νκλρσισστιιῆς</em></strong></span> <span class='ocrx_word' id='word_1_102' title='bbox 513 1445 740 1530; x_wconf 75' lang='grc' dir='ltr'><strong><em>προϊστάμενος</em></strong></span> <span class='ocrx_word' id='word_1_103' title='bbox 767 1445 810 1523; x_wconf 77' lang='grc' dir='ltr'>ὥς</span> <span class='ocrx_word' id='word_1_104' title='bbox 839 1445 938 1510; x_wconf 77' lang='grc' dir='ltr'><strong><em>εἰπεῖν</em></strong></span> <span class='ocrx_word' id='word_1_105' title='bbox 966 1442 1166 1528; x_wconf 76' lang='grc' dir='ltr'><strong><em>αἰιροπάλειος</em></strong></span> 
     </span>
     <span class='ocr_line' id='line_1_13' title="bbox 72 1539 1166 1633; baseline 0.002 -25"><span class='ocrx_word' id='word_1_106' title='bbox 72 1549 278 1628; x_wconf 79' lang='grc' dir='ltr'><strong><em>ναιαπρΐιται</em></strong></span> <span class='ocrx_word' id='word_1_107' title='bbox 307 1543 383 1620; x_wconf 82' lang='grc' dir='ltr'>τούς</span> <span class='ocrx_word' id='word_1_108' title='bbox 417 1549 681 1626; x_wconf 75' lang='grc' dir='ltr'><strong><em>πεπιστευμένους</em></strong></span> <span class='ocrx_word' id='word_1_109' title='bbox 703 1539 806 1633; x_wconf 79' lang='grc' dir='ltr'><strong><em>μάτῇ,</em></strong></span> <span class='ocrx_word' id='word_1_110' title='bbox 839 1545 1094 1627; x_wconf 80' lang='grc' dir='ltr'><strong><em>συνειλεγμένους</em></strong></span> <span class='ocrx_word' id='word_1_111' title='bbox 1120 1547 1166 1618; x_wconf 75' lang='grc' dir='ltr'><strong><em>εἰς</em></strong></span> 
     </span>
     <span class='ocr_line' id='line_1_14' title="bbox 73 1635 1166 1731; baseline 0.001 -24"><span class='ocrx_word' id='word_1_112' title='bbox 73 1641 158 1708; x_wconf 88' lang='grc' dir='ltr'><strong><em>πάνυ</em></strong></span> <span class='ocrx_word' id='word_1_113' title='bbox 184 1643 306 1710; x_wconf 84' lang='grc' dir='ltr'><strong><em>πυκνὸν</em></strong></span> <span class='ocrx_word' id='word_1_114' title='bbox 331 1654 443 1731; x_wconf 79' lang='grc' dir='ltr'><strong><em>στῖφος</em></strong></span> <span class='ocrx_word' id='word_1_115' title='bbox 468 1649 524 1710; x_wconf 68' lang='lat' dir='ltr'>aar*</span> <span class='ocrx_word' id='word_1_116' title='bbox 552 1645 628 1710; x_wconf 72' lang='lat' dir='ltr'>otoo</span> <span class='ocrx_word' id='word_1_117' title='bbox 650 1635 785 1729; x_wconf 81' lang='grc' dir='ltr'><strong><em>οἷγεννές.</em></strong></span> <span class='ocrx_word' id='word_1_118' title='bbox 835 1648 891 1710; x_wconf 79' lang='lat' dir='ltr'>eoi</span> <span class='ocrx_word' id='word_1_119' title='bbox 910 1638 1033 1728; x_wconf 71' lang='grc' dir='ltr'><strong><em>γίνεταά</em></strong></span> <span class='ocrx_word' id='word_1_120' title='bbox 1049 1666 1096 1718; x_wconf 87' lang='grc' dir='ltr'>τις</span> <span class='ocrx_word' id='word_1_121' title='bbox 1117 1645 1166 1708; x_wconf 79' lang='grc' dir='ltr'><strong><em>ἐν·</em></strong></span> 
     </span>
     <span class='ocr_line' id='line_1_15' title="bbox 73 1739 935 1830; baseline 0.002 -20"><span class='ocrx_word' id='word_1_122' title='bbox 73 1747 181 1810; x_wconf 78' lang='lat' dir='ltr'>saeida</span> <span class='ocrx_word' id='word_1_123' title='bbox 196 1743 375 1830; x_wconf 78' lang='grc' dir='ltr'><strong><em>συγγραφή,</em></strong></span> <span class='ocrx_word' id='word_1_124' title='bbox 397 1743 508 1810; x_wconf 85' lang='grc' dir='ltr'><strong><em>ὃποιάν</em></strong></span> <span class='ocrx_word' id='word_1_125' title='bbox 528 1745 652 1826; x_wconf 72' lang='grc' dir='ltr'><strong><em>δαίμων</em></strong></span> <span class='ocrx_word' id='word_1_126' title='bbox 674 1739 714 1810; x_wconf 82' lang='lat' dir='ltr'>dr</span> <span class='ocrx_word' id='word_1_127' title='bbox 735 1743 935 1827; x_wconf 82' lang='grc' dir='ltr'><strong><em>τεχνάσαιτο.</em></strong></span> 
     </span>
     <span class='ocr_line' id='line_1_16' title="bbox 35 1835 1166 1932; baseline 0.001 -26"><span class='ocrx_word' id='word_1_128' title='bbox 35 1855 66 1906; x_wconf 74' lang='lat' dir='ltr'>lb</span> <span class='ocrx_word' id='word_1_129' title='bbox 151 1835 213 1908; x_wconf 72' lang='lat' dir='ltr'>&#39;Hs</span> <span class='ocrx_word' id='word_1_130' title='bbox 235 1841 328 1926; x_wconf 75' lang='grc' dir='ltr'><strong><em>ἑορτή</em></strong></span> <span class='ocrx_word' id='word_1_131' title='bbox 349 1845 473 1928; x_wconf 78' lang='grc' dir='ltr'><strong><em>μεγάλη</em></strong></span> <span class='ocrx_word' id='word_1_132' title='bbox 493 1848 549 1910; x_wconf 80' lang='grc' dir='ltr'><strong><em>τοῦ</em></strong></span> <span class='ocrx_word' id='word_1_133' title='bbox 570 1843 727 1928; x_wconf 71' lang='grc' dir='ltr'><strong><em>σωτηρίου</em></strong></span> <span class='ocrx_word' id='word_1_134' title='bbox 749 1842 945 1928; x_wconf 84' lang='grc' dir='ltr'><strong><em>πάσχα,νοῖ</em></strong></span> <span class='ocrx_word' id='word_1_135' title='bbox 967 1836 1106 1928; x_wconf 76' lang='grc' dir='ltr'><strong><em>ὄφειλον</em></strong></span> <span class='ocrx_word' id='word_1_136' title='bbox 1124 1843 1166 1932; x_wconf 78' lang='grc' dir='ltr'><strong><em>τῷ</em></strong></span> 
     </span>
     <span class='ocr_line' id='line_1_17' title="bbox 72 1939 1227 2028; baseline 0.003 -23"><span class='ocrx_word' id='word_1_137' title='bbox 72 1945 200 2022; x_wconf 76' lang='grc' dir='ltr'><strong><em>βασιλεῖ</em></strong></span> <span class='ocrx_word' id='word_1_138' title='bbox 218 1941 389 2023; x_wconf 76' lang='grc' dir='ltr'><strong><em>ἀσπασμὸν</em></strong></span> <span class='ocrx_word' id='word_1_139' title='bbox 416 1939 436 2026; x_wconf 82' lang='grc' dir='ltr'><em>ἢ</em></span> <span class='ocrx_word' id='word_1_140' title='bbox 459 1943 697 2028; x_wconf 73' lang='grc' dir='ltr'><strong><em>ἐνκληοιαστιιιιὶ</em></strong></span> <span class='ocrx_word' id='word_1_141' title='bbox 726 1942 838 2028; x_wconf 86' lang='grc' dir='ltr'><strong><em>λογάς,</em></strong></span> <span class='ocrx_word' id='word_1_142' title='bbox 859 1939 946 2018; x_wconf 76' lang='lat' dir='ltr'>ducac</span> <span class='ocrx_word' id='word_1_143' title='bbox 965 1946 1000 2010; x_wconf 83' lang='grc' dir='ltr'><strong><em>τό</em></strong></span> <span class='ocrx_word' id='word_1_144' title='bbox 1024 1941 1227 2008; x_wconf 66' lang='lat' dir='ltr'>retuderam</span> 
     </span>
     <span class='ocr_line' id='line_1_18' title="bbox 74 2037 1169 2128; baseline -0.001 -24"><span class='ocrx_word' id='word_1_145' title='bbox 74 2041 231 2106; x_wconf 74' lang='grc' dir='ltr'><strong><em>ἀνέκαθεν</em></strong></span> <span class='ocrx_word' id='word_1_146' title='bbox 258 2041 435 2128; x_wconf 74' lang='grc' dir='ltr'><strong><em>ἐψήφισται</em></strong></span> <span class='ocrx_word' id='word_1_147' title='bbox 469 2045 605 2128; x_wconf 81' lang='grc' dir='ltr'><strong><em>φίλημα.</em></strong></span> <span class='ocrx_word' id='word_1_148' title='bbox 653 2042 697 2121; x_wconf 73' lang='grc' dir='ltr'>οὖς</span> <span class='ocrx_word' id='word_1_149' title='bbox 718 2045 753 2109; x_wconf 73' lang='grc' dir='ltr'>δὲ</span> <span class='ocrx_word' id='word_1_150' title='bbox 783 2047 839 2109; x_wconf 82' lang='grc' dir='ltr'><strong><em>καί</em></strong></span> <span class='ocrx_word' id='word_1_151' title='bbox 856 2041 910 2108; x_wconf 85' lang='grc' dir='ltr'>τάν</span> <span class='ocrx_word' id='word_1_152' title='bbox 931 2045 1083 2126; x_wconf 77' lang='grc' dir='ltr'><strong><em>α’ρχιερέα</em></strong></span> <span class='ocrx_word' id='word_1_153' title='bbox 1102 2037 1169 2106; x_wconf 78' lang='grc' dir='ltr'><strong><em>ἔδει</em></strong></span> 
     </span>
     <span class='ocr_line' id='line_1_19' title="bbox 73 2137 1169 2234; baseline 0.002 -28"><span class='ocrx_word' id='word_1_154' title='bbox 73 2149 251 2228; x_wconf 74' lang='grc' dir='ltr'><strong><em>κορυφαῖον</em></strong></span> <span class='ocrx_word' id='word_1_155' title='bbox 271 2151 419 2226; x_wconf 79' lang='grc' dir='ltr'><strong><em>παρεῖναι</em></strong></span> <span class='ocrx_word' id='word_1_156' title='bbox 440 2143 496 2208; x_wconf 73' lang='grc' dir='ltr'>καὶ</span> <span class='ocrx_word' id='word_1_157' title='bbox 514 2141 669 2228; x_wconf 81' lang='grc' dir='ltr'><strong><em>κατάρξαι</em></strong></span> <span class='ocrx_word' id='word_1_158' title='bbox 689 2147 747 2227; x_wconf 78' lang='grc' dir='ltr'><strong><em>τῆς</em></strong></span> <span class='ocrx_word' id='word_1_159' title='bbox 767 2143 898 2232; x_wconf 77' lang='grc' dir='ltr'><strong><em>ὄφειλῆς</em></strong></span> <span class='ocrx_word' id='word_1_160' title='bbox 921 2150 979 2234; x_wconf 75' lang='grc' dir='ltr'><strong><em>(τῷ</em></strong></span> <span class='ocrx_word' id='word_1_161' title='bbox 994 2147 1030 2209; x_wconf 78' lang='lat' dir='ltr'>dd</span> <span class='ocrx_word' id='word_1_162' title='bbox 1050 2137 1090 2228; x_wconf 75' lang='grc' dir='ltr'><strong><em>ἦν</em></strong></span> <span class='ocrx_word' id='word_1_163' title='bbox 1111 2146 1169 2226; x_wconf 75' lang='grc' dir='ltr'>δῆ-</span> 
     </span>
     <span class='ocr_line' id='line_1_20' title="bbox 75 2231 1212 2330; baseline 0.002 -24"><span class='ocrx_word' id='word_1_164' title='bbox 75 2247 129 2306; x_wconf 84' lang='lat' dir='ltr'>lar</span> <span class='ocrx_word' id='word_1_165' title='bbox 150 2241 193 2316; x_wconf 75' lang='grc' dir='ltr'>οὖς</span> <span class='ocrx_word' id='word_1_166' title='bbox 213 2241 248 2307; x_wconf 82' lang='grc' dir='ltr'><strong><em>τὸ</em></strong></span> <span class='ocrx_word' id='word_1_167' title='bbox 270 2243 409 2307; x_wconf 73' lang='grc' dir='ltr'><strong><em>τοιοῦτον</em></strong></span> <span class='ocrx_word' id='word_1_168' title='bbox 432 2245 556 2328; x_wconf 79' lang='grc' dir='ltr'><strong><em>φιλημα</em></strong></span> <span class='ocrx_word' id='word_1_169' title='bbox 577 2245 883 2330; x_wconf 71' lang='grc' dir='ltr'><strong><em>παραδάοειαιλτάν,</em></strong></span> <span class='ocrx_word' id='word_1_170' title='bbox 897 2244 975 2312; x_wconf 83' lang='grc' dir='ltr'><strong><em>κατά</em></strong></span> <span class='ocrx_word' id='word_1_171' title='bbox 996 2269 1029 2310; x_wconf 90' lang='grc' dir='ltr'>τι</span> <span class='ocrx_word' id='word_1_172' title='bbox 1050 2240 1168 2326; x_wconf 80' lang='grc' dir='ltr'><strong><em>ὅμοιίο-</em></strong></span> <span class='ocrx_word' id='word_1_173' title='bbox 1208 2231 1212 2252; x_wconf 78' lang='grc'><strong>’</strong></span> 
     </span>
     <span class='ocr_line' id='line_1_21' title="bbox 32 2337 1169 2428; baseline 0.004 -24"><span class='ocrx_word' id='word_1_174' title='bbox 32 2359 120 2420; x_wconf 70' lang='lat' dir='ltr'>noun</span> <span class='ocrx_word' id='word_1_175' title='bbox 140 2341 198 2404; x_wconf 84' lang='grc' dir='ltr'><strong><em>τοά</em></strong></span> <span class='ocrx_word' id='word_1_176' title='bbox 217 2337 356 2422; x_wconf 76' lang='grc' dir='ltr'><strong><em>μεγάλου</em></strong></span> <span class='ocrx_word' id='word_1_177' title='bbox 377 2342 457 2406; x_wconf 78' lang='grc' dir='ltr'><strong><em>θεοῦ</em></strong></span> <span class='ocrx_word' id='word_1_178' title='bbox 477 2339 533 2406; x_wconf 78' lang='grc' dir='ltr'><strong><em>καί</em></strong></span> <span class='ocrx_word' id='word_1_179' title='bbox 553 2346 694 2427; x_wconf 75' lang='grc' dir='ltr'><strong><em>σωτῆρος</em></strong></span> <span class='ocrx_word' id='word_1_180' title='bbox 716 2337 818 2426; x_wconf 75' lang='grc' dir='ltr'><strong><em>ἡμῶν,</em></strong></span> <span class='ocrx_word' id='word_1_181' title='bbox 842 2347 900 2408; x_wconf 80' lang='lat' dir='ltr'>rasi</span> <span class='ocrx_word' id='word_1_182' title='bbox 921 2346 1091 2428; x_wconf 81' lang='grc' dir='ltr'><strong><em>Χριστοῦ),</em></strong></span> <span class='ocrx_word' id='word_1_183' title='bbox 1114 2347 1169 2408; x_wconf 81' lang='grc' dir='ltr'><strong><em>καί</em></strong></span> 
     </span>
     <span class='ocr_line' id='line_1_22' title="bbox 73 2435 1166 2524; baseline 0 -23"><span class='ocrx_word' id='word_1_184' title='bbox 73 2439 188 2502; x_wconf 79' lang='grc' dir='ltr'><strong><em>ε’δεδιέι</em></strong></span> <span class='ocrx_word' id='word_1_185' title='bbox 211 2440 418 2522; x_wconf 77' lang='grc' dir='ltr'><strong><em>α’νθροοπίνοις</em></strong></span> <span class='ocrx_word' id='word_1_186' title='bbox 431 2435 558 2523; x_wconf 72' lang='grc' dir='ltr'><strong><em>ἐκεῖνος,</em></strong></span> <span class='ocrx_word' id='word_1_187' title='bbox 579 2437 810 2520; x_wconf 73' lang='grc' dir='ltr'><strong><em>εὐλαβούμενος</em></strong></span> <span class='ocrx_word' id='word_1_188' title='bbox 831 2441 989 2524; x_wconf 72' lang='grc' dir='ltr'><strong><em>ἀποβῆναι</em></strong></span> <span class='ocrx_word' id='word_1_189' title='bbox 1009 2441 1166 2522; x_wconf 82' lang='grc' dir='ltr'><strong><em>νατάσχε.</em></strong></span> 
     </span>
     <span class='ocr_line' id='line_1_23' title="bbox 73 2529 1175 2630; baseline 0.002 -28"><span class='ocrx_word' id='word_1_190' title='bbox 73 2539 220 2619; x_wconf 82' lang='grc' dir='ltr'><strong><em>τος,καί</em></strong></span> <span class='ocrx_word' id='word_1_191' title='bbox 251 2529 370 2623; x_wconf 70' lang='lat' dir='ltr'>adnepos</span> <span class='ocrx_word' id='word_1_192' title='bbox 399 2538 458 2622; x_wconf 68' lang='grc' dir='ltr'>τὴν</span> <span class='ocrx_word' id='word_1_193' title='bbox 477 2541 523 2616; x_wconf 80' lang='grc' dir='ltr'><strong><em>εἰς</em></strong></span> <span class='ocrx_word' id='word_1_194' title='bbox 545 2536 585 2603; x_wconf 85' lang='grc' dir='ltr'><strong><em>τά</em></strong></span> <span class='ocrx_word' id='word_1_195' title='bbox 610 2543 757 2620; x_wconf 83' lang='grc' dir='ltr'><strong><em>βασιλεια</em></strong></span> <span class='ocrx_word' id='word_1_196' title='bbox 788 2538 872 2626; x_wconf 77' lang='grc' dir='ltr'><strong><em>ὁδόν,</em></strong></span> <span class='ocrx_word' id='word_1_197' title='bbox 891 2544 1009 2625; x_wconf 72' lang='grc' dir='ltr'><strong><em>γίνεται</em></strong></span> <span class='ocrx_word' id='word_1_198' title='bbox 1026 2539 1175 2630; x_wconf 68' lang='grc' dir='ltr'>οἷναβολάι</span> 
     </span>
    </p>
   </div>
   <div class='ocr_carea' id='block_1_3' title="bbox 146 2713 321 2794">
    <p class='ocr_par' dir='ltr' id='par_1_3' title="bbox 146 2713 321 2794">
     <span class='ocr_line' id='line_1_24' title="bbox 146 2713 321 2794; baseline 0.017 -23"><span class='ocrx_word' id='word_1_199' title='bbox 146 2721 171 2771; x_wconf 84' lang='lat'>1·.</span> <span class='ocrx_word' id='word_1_200' title='bbox 192 2713 321 2794; x_wconf 66' lang='lat' dir='ltr'>dvld&#39;l&#39;</span> 
     </span>
    </p>
   </div>
   <div class='ocr_carea' id='block_1_4' title="bbox 73 2881 1164 3428">
    <p class='ocr_par' dir='ltr' id='par_1_4' title="bbox 73 2881 1164 3428">
     <span class='ocr_line' id='line_1_25' title="bbox 73 2881 1164 2952; baseline 0.002 -18"><span class='ocrx_word' id='word_1_201' title='bbox 73 2883 170 2952; x_wconf 87' lang='lat' dir='ltr'>itaque</span> <span class='ocrx_word' id='word_1_202' title='bbox 178 2881 314 2945; x_wconf 86' lang='lat' dir='ltr'>Caesares,</span> <span class='ocrx_word' id='word_1_203' title='bbox 333 2882 488 2936; x_wconf 84' lang='lat' dir='ltr'>confirmata</span> <span class='ocrx_word' id='word_1_204' title='bbox 509 2881 561 2934; x_wconf 91' lang='lat' dir='ltr'>sibi</span> <span class='ocrx_word' id='word_1_205' title='bbox 577 2881 730 2946; x_wconf 77' lang='lat' dir='ltr'>tormidine,</span> <span class='ocrx_word' id='word_1_206' title='bbox 752 2881 787 2934; x_wconf 90' lang='lat' dir='ltr'>ad</span> <span class='ocrx_word' id='word_1_207' title='bbox 805 2884 974 2935; x_wconf 87' lang='lat' dir='ltr'>securitatem</span> <span class='ocrx_word' id='word_1_208' title='bbox 991 2881 1164 2936; x_wconf 70' lang='lat' dir='ltr'><strong>hortantibus</strong></span> 
     </span>
     <span class='ocr_line' id='line_1_26' title="bbox 74 2953 1164 3025; baseline 0.003 -21"><span class='ocrx_word' id='word_1_209' title='bbox 74 2969 154 3004; x_wconf 86' lang='lat' dir='ltr'>aurea</span> <span class='ocrx_word' id='word_1_210' title='bbox 172 2953 247 3004; x_wconf 90' lang='lat' dir='ltr'>haud</span> <span class='ocrx_word' id='word_1_211' title='bbox 265 2953 358 3006; x_wconf 86' lang='lat' dir='ltr'>laciles</span> <span class='ocrx_word' id='word_1_212' title='bbox 382 2953 570 3025; x_wconf 85' lang='lat' dir='ltr'>praebuerunt,</span> <span class='ocrx_word' id='word_1_213' title='bbox 595 2953 643 3006; x_wconf 86' lang='lat' dir='ltr'>aad</span> <span class='ocrx_word' id='word_1_214' title='bbox 662 2960 775 3024; x_wconf 90' lang='lat' dir='ltr'>propter</span> <span class='ocrx_word' id='word_1_215' title='bbox 795 2969 836 3014; x_wconf 89' lang='lat' dir='ltr'>ea,</span> <span class='ocrx_word' id='word_1_216' title='bbox 873 2971 922 3005; x_wconf 86' lang='lat' dir='ltr'>uae</span> <span class='ocrx_word' id='word_1_217' title='bbox 941 2953 1060 3007; x_wconf 81' lang='lat' dir='ltr'>admista</span> <span class='ocrx_word' id='word_1_218' title='bbox 1074 2963 1164 3008; x_wconf 86' lang='lat' dir='ltr'>essent</span> 
     </span>
     <span class='ocr_line' id='line_1_27' title="bbox 74 2971 1163 3108; baseline 0.003 -33"><span class='ocrx_word' id='word_1_219' title='bbox 74 3024 181 3106; x_wconf 79' lang='lat' dir='ltr'>acerbe,</span> <span class='ocrx_word' id='word_1_220' title='bbox 202 3025 283 3076; x_wconf 84' lang='lat' dir='ltr'>etiam</span> <span class='ocrx_word' id='word_1_221' title='bbox 301 3041 372 3093; x_wconf 90' lang='lat' dir='ltr'>quae</span> <span class='ocrx_word' id='word_1_222' title='bbox 390 3023 480 3076; x_wconf 94' lang='lat' dir='ltr'>dulcia</span> <span class='ocrx_word' id='word_1_223' title='bbox 497 3025 661 3087; x_wconf 83' lang='lat' dir='ltr'>riderentur,</span> <span class='ocrx_word' id='word_1_224' title='bbox 679 3029 802 3108; x_wconf 78' lang='lat' dir='ltr'>suepecta</span> <span class='ocrx_word' id='word_1_225' title='bbox 825 2971 978 3108; x_wconf 72' lang='lat' dir='ltr'>habebant,</span> <span class='ocrx_word' id='word_1_226' title='bbox 995 3035 1024 3077; x_wconf 89' lang='lat' dir='ltr'>et</span> <span class='ocrx_word' id='word_1_227' title='bbox 1044 3033 1116 3078; x_wconf 83' lang='lat' dir='ltr'>recte</span> <span class='ocrx_word' id='word_1_228' title='bbox 1133 3025 1163 3078; x_wconf 91' lang='lat' dir='ltr'>id</span> 
     </span>
     <span class='ocr_line' id='line_1_28' title="bbox 75 3094 1164 3236; baseline 0.001 -20"><span class='ocrx_word' id='word_1_229' title='bbox 75 3094 1164 3236; x_wconf 52' lang='lat' dir='ltr'>izizlaftttitttiiztitttitiititt?3}zalatitia</span> 
     </span>
     <span class='ocr_line' id='line_1_29' title="bbox 73 3233 1162 3307; baseline 0 -19"><span class='ocrx_word' id='word_1_230' title='bbox 73 3237 128 3288; x_wconf 82' lang='lat' dir='ltr'>rim</span> <span class='ocrx_word' id='word_1_231' title='bbox 153 3233 336 3288; x_wconf 77' lang='lat' dir='ltr'>adhibendam</span> <span class='ocrx_word' id='word_1_232' title='bbox 355 3253 413 3288; x_wconf 93' lang='lat' dir='ltr'>esse</span> <span class='ocrx_word' id='word_1_233' title='bbox 446 3235 615 3298; x_wconf 72' lang='lat' dir='ltr'>decernitur,</span> <span class='ocrx_word' id='word_1_234' title='bbox 641 3238 749 3306; x_wconf 85' lang='lat' dir='ltr'>orisque</span> <span class='ocrx_word' id='word_1_235' title='bbox 775 3235 921 3288; x_wconf 70' lang='lat' dir='ltr'>blanditias</span> <span class='ocrx_word' id='word_1_236' title='bbox 947 3253 1040 3306; x_wconf 88' lang='lat' dir='ltr'>aspera</span> <span class='ocrx_word' id='word_1_237' title='bbox 1061 3239 1162 3307; x_wconf 79' lang='lat' dir='ltr'>ancipit</span> 
     </span>
     <span class='ocr_line' id='line_1_30' title="bbox 73 3305 1162 3428; baseline 0.001 -70"><span class='ocrx_word' id='word_1_238' title='bbox 73 3324 179 3368; x_wconf 86' lang='lat' dir='ltr'>manns,</span> <span class='ocrx_word' id='word_1_239' title='bbox 197 3315 280 3376; x_wconf 85' lang='lat' dir='ltr'>atque</span> <span class='ocrx_word' id='word_1_240' title='bbox 302 3305 420 3358; x_wconf 88' lang='lat' dir='ltr'>cohibita</span> <span class='ocrx_word' id='word_1_241' title='bbox 435 3308 526 3374; x_wconf 78' lang='lat' dir='ltr'>tingue</span> <span class='ocrx_word' id='word_1_242' title='bbox 541 3307 656 3359; x_wconf 81' lang='lat' dir='ltr'>suaviori</span> <span class='ocrx_word' id='word_1_243' title='bbox 674 3307 786 3360; x_wconf 81' lang='lat' dir='ltr'>ferream</span> <span class='ocrx_word' id='word_1_244' title='bbox 799 3325 896 3428; x_wconf 77' lang='lat' dir='ltr'>parare</span> <span class='ocrx_word' id='word_1_245' title='bbox 916 3310 1092 3360; x_wconf 85' lang='lat' dir='ltr'>constituunt·</span> <span class='ocrx_word' id='word_1_246' title='bbox 1130 3324 1162 3360; x_wconf 86' lang='lat' dir='ltr'>ac</span> 
     </span>
    </p>
   </div>
   <div class='ocr_carea' id='block_1_5' title="bbox 72 3375 1162 4154">
    <p class='ocr_par' dir='ltr' id='par_1_5' title="bbox 74 3375 1161 3660">
     <span class='ocr_line' id='line_1_31' title="bbox 74 3375 1161 3448; baseline 0 -20"><span class='ocrx_word' id='word_1_247' title='bbox 74 3379 189 3448; x_wconf 88' lang='lat' dir='ltr'>primurn</span> <span class='ocrx_word' id='word_1_248' title='bbox 209 3379 238 3429; x_wconf 90' lang='lat' dir='ltr'>in</span> <span class='ocrx_word' id='word_1_249' title='bbox 266 3375 523 3447; x_wconf 75' lang='lat' dir='ltr'>archipresbyterum</span> <span class='ocrx_word' id='word_1_250' title='bbox 546 3385 715 3447; x_wconf 76' lang='lat' dir='ltr'>asperantur,</span> <span class='ocrx_word' id='word_1_251' title='bbox 742 3393 797 3448; x_wconf 91' lang='lat' dir='ltr'>quo</span> <span class='ocrx_word' id='word_1_252' title='bbox 839 3395 937 3442; x_wconf 85' lang='lat' dir='ltr'>sacrae,</span> <span class='ocrx_word' id='word_1_253' title='bbox 957 3387 987 3430; x_wconf 91' lang='lat' dir='ltr'>ut</span> <span class='ocrx_word' id='word_1_254' title='bbox 1004 3381 1043 3430; x_wconf 84' lang='lat' dir='ltr'>ita</span> <span class='ocrx_word' id='word_1_255' title='bbox 1065 3378 1161 3440; x_wconf 83' lang='lat' dir='ltr'>dicam,</span> 
     </span>
     <span class='ocr_line' id='line_1_32' title="bbox 74 3448 1161 3518; baseline 0.002 -20"><span class='ocrx_word' id='word_1_256' title='bbox 74 3449 130 3500; x_wconf 89' lang='lat' dir='ltr'>arci</span> <span class='ocrx_word' id='word_1_257' title='bbox 149 3448 303 3518; x_wconf 81' lang='lat' dir='ltr'>praelectus</span> <span class='ocrx_word' id='word_1_258' title='bbox 321 3448 435 3516; x_wconf 87' lang='lat' dir='ltr'>prodere</span> <span class='ocrx_word' id='word_1_259' title='bbox 454 3448 574 3510; x_wconf 86' lang='lat' dir='ltr'>uolebat,</span> <span class='ocrx_word' id='word_1_260' title='bbox 593 3449 640 3518; x_wconf 90' lang='lat' dir='ltr'>qui</span> <span class='ocrx_word' id='word_1_261' title='bbox 660 3449 688 3500; x_wconf 91' lang='lat' dir='ltr'>in</span> <span class='ocrx_word' id='word_1_262' title='bbox 712 3465 770 3500; x_wconf 84' lang='lat' dir='ltr'>earn</span> <span class='ocrx_word' id='word_1_263' title='bbox 787 3450 975 3518; x_wconf 74' lang='lat' dir='ltr'>confugerant,</span> <span class='ocrx_word' id='word_1_264' title='bbox 994 3455 1102 3502; x_wconf 87' lang='lat' dir='ltr'>coactos</span> <span class='ocrx_word' id='word_1_265' title='bbox 1131 3449 1161 3501; x_wconf 91' lang='lat' dir='ltr'>in</span> 
     </span>
     <span class='ocr_line' id='line_1_33' title="bbox 74 3517 1161 3592; baseline 0 -22"><span class='ocrx_word' id='word_1_266' title='bbox 74 3519 184 3586; x_wconf 74' lang='lat' dir='ltr'>globum</span> <span class='ocrx_word' id='word_1_267' title='bbox 203 3518 392 3570; x_wconf 82' lang='lat' dir='ltr'>denriaaimura</span> <span class='ocrx_word' id='word_1_268' title='bbox 409 3527 438 3571; x_wconf 89' lang='lat' dir='ltr'>et</span> <span class='ocrx_word' id='word_1_269' title='bbox 455 3519 528 3570; x_wconf 81' lang='lat' dir='ltr'>hand</span> <span class='ocrx_word' id='word_1_270' title='bbox 545 3521 742 3587; x_wconf 76' lang='lat' dir='ltr'>inganerosurn.</span> <span class='ocrx_word' id='word_1_271' title='bbox 779 3517 844 3571; x_wconf 88' lang='lat' dir='ltr'>binc</span> <span class='ocrx_word' id='word_1_272' title='bbox 864 3522 916 3572; x_wconf 87' lang='lat' dir='ltr'>iarn</span> <span class='ocrx_word' id='word_1_273' title='bbox 933 3521 1051 3573; x_wconf 89' lang='lat' dir='ltr'>narratio</span> <span class='ocrx_word' id='word_1_274' title='bbox 1069 3521 1161 3592; x_wconf 87' lang='lat' dir='ltr'>sequi·</span> 
     </span>
     <span class='ocr_line' id='line_1_34' title="bbox 74 3589 808 3660; baseline -0.003 -20"><span class='ocrx_word' id='word_1_275' title='bbox 74 3599 127 3654; x_wconf 89' lang='lat' dir='ltr'>tur,</span> <span class='ocrx_word' id='word_1_276' title='bbox 144 3591 232 3660; x_wconf 88' lang='lat' dir='ltr'>qualis</span> <span class='ocrx_word' id='word_1_277' title='bbox 253 3589 379 3642; x_wconf 76' lang='lat' dir='ltr'>daemoni</span> <span class='ocrx_word' id='word_1_278' title='bbox 397 3591 477 3642; x_wconf 87' lang='lat' dir='ltr'>alicui</span> <span class='ocrx_word' id='word_1_279' title='bbox 495 3589 660 3659; x_wconf 81' lang='lat' dir='ltr'>pertexenda</span> <span class='ocrx_word' id='word_1_280' title='bbox 678 3589 808 3642; x_wconf 82' lang='lat' dir='ltr'>videatur.</span> 
     </span>
    </p>

    <p class='ocr_par' dir='ltr' id='par_1_6' title="bbox 72 3657 1162 4154">
     <span class='ocr_line' id='line_1_35' title="bbox 144 3657 1160 3732; baseline -0.003 -20"><span class='ocrx_word' id='word_1_281' title='bbox 144 3659 276 3713; x_wconf 71' lang='lat' dir='ltr'>Eravdies</span> <span class='ocrx_word' id='word_1_282' title='bbox 296 3660 419 3732; x_wconf 87' lang='lat' dir='ltr'>inprimis</span> <span class='ocrx_word' id='word_1_283' title='bbox 431 3661 525 3724; x_wconf 84' lang='lat' dir='ltr'>leatus,</span> <span class='ocrx_word' id='word_1_284' title='bbox 543 3659 640 3730; x_wconf 88' lang='lat' dir='ltr'>pascha</span> <span class='ocrx_word' id='word_1_285' title='bbox 658 3659 805 3722; x_wconf 80' lang='lat' dir='ltr'>salvatoris,</span> <span class='ocrx_word' id='word_1_286' title='bbox 822 3657 995 3728; x_wconf 85' lang='lat' dir='ltr'>debebatque</span> <span class='ocrx_word' id='word_1_287' title='bbox 1012 3658 1160 3726; x_wconf 85' lang='lat' dir='ltr'>imperato-</span> 
     </span>
     <span class='ocr_line' id='line_1_36' title="bbox 73 3728 1157 3812; baseline -0.001 -30"><span class='ocrx_word' id='word_1_288' title='bbox 73 3747 130 3782; x_wconf 87' lang='lat' dir='ltr'>rem</span> <span class='ocrx_word' id='word_1_289' title='bbox 146 3729 260 3812; x_wconf 74' lang='lat' dir='ltr'>adorare</span> <span class='ocrx_word' id='word_1_290' title='bbox 277 3731 422 3800; x_wconf 77' lang='lat' dir='ltr'>collegium</span> <span class='ocrx_word' id='word_1_291' title='bbox 439 3732 618 3794; x_wconf 84' lang='lat' dir='ltr'>sacerdotum,</span> <span class='ocrx_word' id='word_1_292' title='bbox 645 3731 743 3802; x_wconf 87' lang='lat' dir='ltr'>quibus</span> <span class='ocrx_word' id='word_1_293' title='bbox 762 3728 876 3812; x_wconf 40' lang='lat' dir='ltr'>quidem·</span> <span class='ocrx_word' id='word_1_294' title='bbox 891 3746 921 3780; x_wconf 89' lang='lat' dir='ltr'>ea</span> <span class='ocrx_word' id='word_1_295' title='bbox 939 3729 1072 3812; x_wconf 79' lang='lat' dir='ltr'>osculatio</span> <span class='ocrx_word' id='word_1_296' title='bbox 1092 3728 1157 3781; x_wconf 85' lang='lat' dir='ltr'>indo</span> 
     </span>
     <span class='ocr_line' id='line_1_37' title="bbox 72 3799 1162 3943; baseline 0 -21"><span class='ocrx_word' id='word_1_297' title='bbox 72 3799 1162 3943; x_wconf 52' lang='lat' dir='ltr'>nitescet„sagittatio?¹21²citt‘textrilia</span> 
     </span>
     <span class='ocr_line' id='line_1_38' title="bbox 74 3939 1157 4010; baseline 0.004 -20"><span class='ocrx_word' id='word_1_298' title='bbox 74 3945 143 4009; x_wconf 86' lang='lat' dir='ltr'>(qua</span> <span class='ocrx_word' id='word_1_299' title='bbox 163 3941 327 3996; x_wconf 86' lang='lat' dir='ltr'>osculatione</span> <span class='ocrx_word' id='word_1_300' title='bbox 345 3945 516 3996; x_wconf 77' lang='lat' dir='ltr'>manifestum</span> <span class='ocrx_word' id='word_1_301' title='bbox 530 3951 596 4004; x_wconf 85' lang='lat' dir='ltr'>erat,</span> <span class='ocrx_word' id='word_1_302' title='bbox 614 3943 672 3994; x_wconf 84' lang='lat' dir='ltr'>lore</span> <span class='ocrx_word' id='word_1_303' title='bbox 690 3949 720 3992; x_wconf 90' lang='lat' dir='ltr'>ut</span> <span class='ocrx_word' id='word_1_304' title='bbox 737 3939 903 4010; x_wconf 84' lang='lat' dir='ltr'>proderetur,</span> <span class='ocrx_word' id='word_1_305' title='bbox 922 3941 1046 4010; x_wconf 83' lang='lat' dir='ltr'>exemplo</span> <span class='ocrx_word' id='word_1_306' title='bbox 1067 3942 1157 4008; x_wconf 76' lang='lat' dir='ltr'>magni</span> 
     </span>
     <span class='ocr_line' id='line_1_39' title="bbox 74 4011 1157 4084; baseline 0 -22"><span class='ocrx_word' id='word_1_307' title='bbox 74 4011 121 4062; x_wconf 84' lang='lat' dir='ltr'>dei</span> <span class='ocrx_word' id='word_1_308' title='bbox 142 4019 170 4062; x_wconf 89' lang='lat' dir='ltr'>et</span> <span class='ocrx_word' id='word_1_309' title='bbox 196 4012 332 4066; x_wconf 79' lang='lat' dir='ltr'>salvatoris</span> <span class='ocrx_word' id='word_1_310' title='bbox 353 4015 439 4067; x_wconf 87' lang='lat' dir='ltr'>nostri</span> <span class='ocrx_word' id='word_1_311' title='bbox 464 4015 525 4067; x_wconf 87' lang='lat' dir='ltr'>lesa</span> <span class='ocrx_word' id='word_1_312' title='bbox 545 4012 675 4084; x_wconf 86' lang='lat' dir='ltr'>Christi),</span> <span class='ocrx_word' id='word_1_313' title='bbox 701 4013 856 4082; x_wconf 80' lang='lat' dir='ltr'>veritusque</span> <span class='ocrx_word' id='word_1_314' title='bbox 874 4011 933 4072; x_wconf 92' lang='lat' dir='ltr'>ille,</span> <span class='ocrx_word' id='word_1_315' title='bbox 953 4029 1024 4082; x_wconf 85' lang='lat' dir='ltr'>quae</span> <span class='ocrx_word' id='word_1_316' title='bbox 1046 4019 1088 4066; x_wconf 87' lang='lat' dir='ltr'>est</span> <span class='ocrx_word' id='word_1_317' title='bbox 1108 4029 1157 4064; x_wconf 85' lang='lat' dir='ltr'>na-</span> 
     </span>
     <span class='ocr_line' id='line_1_40' title="bbox 73 4079 1156 4154; baseline 0 -20"><span class='ocrx_word' id='word_1_318' title='bbox 73 4091 135 4134; x_wconf 82' lang='lat' dir='ltr'>tura</span> <span class='ocrx_word' id='word_1_319' title='bbox 154 4079 280 4145; x_wconf 85' lang='lat' dir='ltr'>bumana,</span> <span class='ocrx_word' id='word_1_320' title='bbox 298 4099 332 4136; x_wconf 86' lang='lat' dir='ltr'>na</span> <span class='ocrx_word' id='word_1_321' title='bbox 350 4086 470 4154; x_wconf 82' lang='lat' dir='ltr'>captivus</span> <span class='ocrx_word' id='word_1_322' title='bbox 487 4087 576 4148; x_wconf 83' lang='lat' dir='ltr'>deret,</span> <span class='ocrx_word' id='word_1_323' title='bbox 597 4083 631 4136; x_wconf 89' lang='lat' dir='ltr'>ad</span> <span class='ocrx_word' id='word_1_324' title='bbox 649 4083 781 4153; x_wconf 86' lang='lat' dir='ltr'>palatium</span> <span class='ocrx_word' id='word_1_325' title='bbox 802 4083 841 4134; x_wconf 84' lang='lat' dir='ltr'>irs</span> <span class='ocrx_word' id='word_1_326' title='bbox 860 4089 1039 4146; x_wconf 88' lang='lat' dir='ltr'>cunctaretur,</span> <span class='ocrx_word' id='word_1_327' title='bbox 1056 4098 1156 4136; x_wconf 83' lang='lat' dir='ltr'>morans</span> 
     </span>
    </p>
   </div>
   <div class='ocr_carea' id='block_1_6' title="bbox 72 4151 1156 4320">
    <p class='ocr_par' dir='ltr' id='par_1_7' title="bbox 72 4151 1156 4320">
     <span class='ocr_line' id='line_1_41' title="bbox 72 4151 1156 4228; baseline 0.002 -24"><span class='ocrx_word' id='word_1_328' title='bbox 72 4153 179 4224; x_wconf 89' lang='lat' dir='ltr'>patitur</span> <span class='ocrx_word' id='word_1_329' title='bbox 203 4153 283 4206; x_wconf 82' lang='lat' dir='ltr'>solita</span> <span class='ocrx_word' id='word_1_330' title='bbox 310 4155 450 4208; x_wconf 84' lang='lat' dir='ltr'>osculatio·</span> <span class='ocrx_word' id='word_1_331' title='bbox 467 4155 643 4228; x_wconf 84' lang='lat' dir='ltr'>dilierturqos</span> <span class='ocrx_word' id='word_1_332' title='bbox 666 4155 696 4206; x_wconf 90' lang='lat' dir='ltr'>in</span> <span class='ocrx_word' id='word_1_333' title='bbox 716 4162 822 4226; x_wconf 86' lang='lat' dir='ltr'>tempus</span> <span class='ocrx_word' id='word_1_334' title='bbox 839 4151 925 4216; x_wconf 81' lang='lat' dir='ltr'>aliud,</span> <span class='ocrx_word' id='word_1_335' title='bbox 946 4153 1101 4223; x_wconf 85' lang='lat' dir='ltr'>imperatori</span> <span class='ocrx_word' id='word_1_336' title='bbox 1118 4155 1156 4206; x_wconf 82' lang='lat' dir='ltr'>si-</span> 
     </span>
     <span class='ocr_line' id='line_1_42' title="bbox 132 4261 967 4320; baseline 0.001 -3"><span class='ocrx_word' id='word_1_337' title='bbox 132 4263 188 4318; x_wconf 75' lang='lat' dir='ltr'>leo</span> <span class='ocrx_word' id='word_1_338' title='bbox 208 4265 438 4320; x_wconf 76' lang='lat' dir='ltr'>Grrrrrarsrcsitus.r</span> <span class='ocrx_word' id='word_1_339' title='bbox 932 4261 967 4318; x_wconf 79' lang='lat'>2⁵</span> 
     </span>
    </p>
   </div>
   <div class='ocr_carea' id='block_1_7' title="bbox 0 0 1392 4612">
    <p class='ocr_par' dir='ltr' id='par_1_8' title="bbox 0 0 1392 4612">
     <span class='ocr_line' id='line_1_43' title="bbox 0 0 1392 4612; baseline 0 0"><span class='ocrx_word' id='word_1_340' title='bbox 0 0 1392 4612; x_wconf 95' lang='lat' dir='ltr'> </span> 
     </span>
    </p>
   </div>
  </div>
 </body>
</html>
