2750 4602
225 234 299 312 tet
624 243 876 308 nnsrnrurus

223 419 299 462 κουν
334 397 410 462 ούδλ
442 400 508 460 κατ’
530 387 607 478 ὄψιν
640 396 906 478 σκυθρωπάζειν,
931 392 955 460 i
976 393 1015 478 δι’,
1036 402 1101 470 saie
1122 397 1158 460 is
1181 397 1323 460 κλύδωνι
1357 397 1358 412 ’

221 498 398 582 συμφορῶν
427 495 551 560 α’νεῖται
582 493 662 578 πρὸς
690 491 822 578 ἐκβολήν
850 496 908 560 τού
932 492 1013 560 sarsi
1040 492 1150 578 ψυχὴν
1181 487 1323 577 ἄχθους.

221 595 301 662 πολύ
321 594 382 680 μοὶρ
404 594 513 670 αύτοϊς
545 596 688 660 ε’νταύθα
715 591 750 656 τὸ
773 593 933 676 “dsddoie,
955 596 990 660 τί
1006 593 1202 674 στενάζειςς”
1225 593 1323 675 ε’βαύ-

220 703 307 762 λοντο
327 695 388 778 γὰρ
421 697 624 777 ἀναισθητεῖν
650 693 735 778 ἡμᾶς
754 696 810 760 καί
830 685 1076 776 φρενοβλαβείη
1098 693 1141 767 sic
1163 692 1222 758 καί
1243 698 1324 775 χαί-

221 819 288 882 ρειν
299 797 351 888 tp’
365 787 412 868 οἷς
424 795 526 868 κακούς
538 796 728 876 ἐπάσχομεν.
750 798 780 860 εί
792 795 828 860 δέ
841 819 882 882 πῃ
897 789 1055 876 ξνματοόν
1069 783 1133 858 uide
1143 798 1242 875 γελαν
1259 789 1343 858 sissi

219 895 349 978 μειδιύν
379 895 508 958 ἐπέλθοι
528 895 606 974 τινί,
633 891 714 976 χολή
744 893 801 958 καί
820 896 909 959 τούτο
938 894 1067 975 δριμεῖα
1095 894 1138 980 τῷ
1159 889 1323 956 καταδύντι

221 997 362 1080 Λατίνῳ.
404 992 526 1074 ἐνόμιζε
542 993 614 1078 γάρ,
635 992 679 1068 ὥς
702 992 811 1072 ἔοικεν,
830 987 851 1076 ἢ
868 991 1041 1076 καταγελᾶν
1060 991 1143 1076 ἡμᾶς
1164 997 1229 1056 ταῖν
1244 997 1321 1056 Λα-

222 1083 346 1160 τινικιύν
367 1088 520 1175 πράξεων,
549 1086 570 1177 ἢ
594 1092 701 1174 α’γοθὰ
729 1093 983 1176 καραδοκοῦντας
1003 1089 1019 1156 o‘
1038 1096 1233 1176 χαιρίκακος
1254 1088 1321 1154 εἴτε

223 1195 278 1257 καί
298 1191 496 1267 πεπονθότας
516 1192 741 1276 α’γαλλιύοθατ,
764 1189 783 1254 ii
801 1201 865 1266 τοῖς
889 1195 1018 1276 ἐχθροῖς
1039 1191 1244 1276 ύττενίφαινε.
1264 1187 1322 1252 καί

223 1293 329 1358 τοίνυν
352 1291 527 1366 δακτύλους
558 1293 604 1366 είς
628 1290 762 1376 γρόνθον
784 1288 958 1372 insonans,
981 1293 1036 1354 καί
1053 1288 1109 1374 ris
1127 1297 1226 1373 χεῖρα
1245 1296 1353 1372 γον-10

223 1393 398 1474 γυλίζοντες
427 1387 623 1476 ἐρρύθμιζον
648 1389 711 1470 πύξ
739 1389 905 1475 πλήττειν,
932 1394 989 1456 “τί
1000 1393 1093 1476 γελᾷς
1120 1383 1147 1454 oi
1171 1391 1320 1471 ritriiiois'¹

223 1493 472 1575 ineruptionem.
524 1488 580 1556 καί
609 1486 693 1558 ούτιο
718 1491 776 1576 τὴν
794 1491 925 1572 αἰθρίαν
955 1491 1013 1558 τού
1039 1487 1251 1570 μειδιάματος
1275 1491 1321 1564 είς

225 1593 320 1676 κίφος
348 1589 502 1674 δακρυόεν
527 1593 756 1677 μετλατρεφον,
789 1585 881 1675 inor*
901 1585 1016 1674 ἑτέρως
1049 1591 1165 1673 εἰπεῖν,
1189 1589 1247 1653 τὸν
1271 1613 1321 1671 με.

225 1692 327 1758 tono
350 1691 549 1774 Δημόκριτον
570 1690 615 1766 είς
633 1689 839 1774 Ἡράκλειτον
860 1693 1046 1770 μετεαοίουν
1066 1687 1259 1770 δακρύοντα.

306 1787 571 1876 Ἀνεψρλαφῶντο
599 1795 676 1873 παρ’
708 1791 811 1856 αύτοῖν
839 1789 895 1854 καί
923 1788 963 1854 τοὶ
991 1791 1053 1852 τοῖν
1080 1785 1351 1872 τιυροδευύυτοοτιὸ

226 1884 417 1971 προκόλαια,
444 1889 498 1954 καί
524 1891 739 1972 ἐξεκενούντο,
758 1885 792 1952 εἴ
818 1891 850 1954 τί
869 1912 929 1952 noo
951 1887 1006 1952 καί
1020 1883 1134 1972 ἔφερον
1156 1912 1319 1972 χρηματι-

226 1987 320 2068 ononi,
342 1991 373 2052 εί
392 1991 447 2051 καί
465 1986 573 2072 βραχύ
592 2014 621 2054 τι
645 1989 743 2054 ε’κεῐνο
763 1982 810 2074 ἦν.
850 1985 1101 2071 τιεριειργοὶζοντο
1113 1989 1170 2051 καί
1188 1985 1319 2072 μηρούς,

225 2083 270 2168 μή
292 2107 353 2150 που
375 2092 540 2168 μαχαίρας
562 2085 800 2172 παρήρτηνται·
843 2092 898 2152 καί
919 2085 953 2152 εἴ
968 2111 1029 2152 nou
1044 2087 1193 2170 εὑρεθείη
1213 2089 1318 2169 ἐγχει-

227 2186 329 2270 ρίδιον
349 2181 531 2266 ύαοιανούν,
552 2183 585 2252 αἱ
616 2191 675 2268 μὲν
693 2187 805 2271 κύρσαι
834 2191 893 2252 τού
911 2189 1057 2272 φέροντος
1079 2179 1166 2267 είχον
1187 2185 1316 2269 πληγάς,

226 2282 243 2348 i
268 2285 305 2350 δὲ
324 2290 466 2360 Λατῖνος
496 2285 554 2370 τὴν
575 2283 753 2372 μάχαιραν.
807 2285 872 2354 ἔδει
894 2285 948 2350 καί
967 2289 1175 2369 διερρηγμένα
1197 2288 1350 2360 αύνταςοο

226 2381 312 2468 ἡμεῖς
346 2383 598 2465 τιεριδτδύαθαι·
647 2389 679 2452 εἰ
715 2385 776 2472 γάρ
805 2409 851 2462 τις
880 2387 1057 2468 εὶματίζιτο
1090 2385 1133 2460 εἰς
1157 2388 1315 2467 α’κὲραιον,

227 2485 469 2566 α’νεθεματίςετο
489 2493 561 2569 παρ’
584 2489 693 2562 αύτούς
715 2482 731 2549 ri
754 2485 799 2572 μὴ
819 2487 1042 2570 innodatione
1063 2483 1118 2548 τὸν
1139 2479 1313 2566 ἄνθρωπον,

302 2578 373 2650 “Ora
402 2585 437 2650 di
471 2578 570 2650 τᾶλλα
599 2584 818 2670 nuptiarum»,
845 2583 1051 2667 ἐπεβούλευον
1079 2593 1149 2658 ταῖς
1178 2579 1312 2648 ἑκάστων

229 2774 424 2844 aegritudinem
449 2775 502 2827 sibi
533 2787 658 2830 concessa
686 2779 795 2832 babent
840 2793 957 2850 namque
975 2778 1087 2830 solenne
1108 2784 1166 2830 tum
1184 2777 1240 2829 iiiis
1259 2786 1311 2828 erat

230 2853 246 2884 *ί
269 2845 315 2898 uid
334 2845 469 2918 suspiras,
494 2845 605 2900 diabole
616 2849 642 2902 ?''
678 2851 782 2902 eciiicet
800 2867 877 2902 sensu
902 2865 992 2902 carere
1012 2857 1040 2901 et
1061 2848 1178 2900 delirare
1198 2865 1247 2900 nos
1266 2865 1312 2900 ro·

230 2863 331 2978 libant,
351 2925 382 2966 ut
400 2918 481 2969 etiam
499 2918 694 2972 delectaremur
718 2921 817 2992 quibus
836 2921 1012 2990 affligeremur
1038 2920 1124 2972 maiis.
1163 2917 1247 2970 sicubi
1265 2937 1314 2970 su·

229 2995 283 3038 tem
301 2987 343 3036 cui
363 2987 432 3038 risus
450 2992 570 3058 quamvis
588 2993 657 3042 ienis
677 2993 789 3044 obortus
808 3001 886 3054 esset,
909 2999 966 3044 turn
984 3007 1046 3044 sero
1065 2991 1086 3041 si
1104 2992 1167 3061 quis
1185 2989 1213 3040 id
1231 2991 1311 3040 vidis-

229 3063 271 3110 set
290 3055 400 3109 Latinus
424 3059 462 3109 ira
490 3063 707 3114 commovebatur
732 3063 975 3116 vehementissima.
1005 3063 1106 3113 etenim
1128 3070 1177 3113 aut
1196 3060 1314 3124 irridere,

228 3135 305 3249 puto,
323 3145 373 3180 nos
392 3146 433 3181 res
453 3131 561 3184 Latinas
580 3133 696 3196 rebatur,
714 3141 760 3186 aut
780 3135 883 3185 miseria
905 3135 994 3185 aiiena
1011 3131 1164 3184 delectatus
1182 3132 1315 3190 credebat,

248 3215 330 3249 onum
349 3200 461 3269 aliquod
480 3219 529 3254 nos
547 3203 603 3256 sire
618 3221 724 3274 sperare
736 3205 792 3255 sive
811 3212 902 3257 nactos
916 3222 983 3268 esre,
1002 3219 1056 3274 quo
1071 3204 1267 3256 exultaremus:
1288 3203 1314 3252 id

228 3267 303 3338 quod
321 3273 449 3340 quoniam
463 3273 578 3325 inimicis
588 3275 646 3325 istis
667 3273 836 3395 displicebat,
855 3275 945 3343 digitis
967 3277 996 3327 in
1008 3291 1128 3344 pugnum
1149 3274 1315 3342 complicatis

228 3347 257 3391 st
276 3355 427 3412 compressa
445 3359 525 3394 mauu
547 3345 652 3413 alapam
673 3345 701 3396 in
722 3347 794 3414 igere
813 3347 979 3414 gestiebant,
1002 3355 1020 3380 ‘⁸
1042 3345 1089 3398 uid
1107 3344 1191 3406 rides,
1210 3344 1315 3395 sceius''

226 3409 420 3464 bslbutientes.
457 3413 496 3464 itn
520 3415 588 3468 risus
607 3417 778 3468 serenitatem
802 3417 830 3468 in
852 3416 961 3469 nubilas
980 3417 1146 3469 lacrimarum
1165 3414 1314 3474 vertebant,

225 3481 285 3546 sei,
304 3491 335 3534 ut
353 3483 432 3535 aliter
453 3483 555 3549 δίαιτα,
575 3485 707 3540 ridentem
727 3487 908 3540 Democritum
936 3487 964 3540 in
985 3487 1149 3541 Heraclitum
1173 3486 1315 3538 lacriman-

226 3558 281 3604 tem
298 3553 449 3605 mutabant.

294 3623 507 3678 Excutiebantur
535 3625 568 3677 ab
589 3625 684 3678 iisdem
703 3631 933 3698 praetereuntium
952 3628 1044 3690 sinus,
1065 3622 1314 3698 rscuefiebsntqur,

226 3693 247 3741 si
275 3693 342 3762 quid
369 3695 490 3758 inesset,
522 3697 790 3770 quantulumeunque
817 3699 886 3750 iliud
913 3707 978 3752 erat.
1014 3697 1208 3768 pertentabant
1235 3699 1314 3749 etiam

225 3779 320 3827 ⁶⁰¹⁰»
338 3781 374 3816 ¹¹0
393 3765 463 3817 forte
481 3769 563 3836 pugio
581 3769 620 3819 ibi
640 3769 751 3832 lateret3
771 3779 853 3839 atque
870 3771 956 3822 sicubi
970 3769 1233 3842 reperireturouiter
1250 3786 1314 3838 qua·
1346 3815 1349 3818 .

224 3831 385 3904 Utcunque,
412 3837 501 3898 iiiius,
528 3839 575 3908 qui
601 3839 715 3891 cultrum
743 3840 882 3908 gestabat,
914 3859 999 3910 genae
1028 3841 1134 3910 aiapum
1160 3838 1313 3890 lucrifacie-

224 3897 305 3963 bant,
326 3905 437 3958 Latinus
464 3907 591 3975 gladium.
636 3911 780 3981 oportebat
808 3913 888 3964 etiam
916 3913 1012 3982 pannis
1039 3927 1089 3964 nos
1110 3909 1223 3962 indutos
1246 3928 1310 3962 esse:

223 3985 284 4020 ¹¹²³!
303 3975 349 4041 qui
368 3975 480 4044 integris
499 3981 618 4056 restibus
637 3991 777 4045 uteretur,
799 3982 983 4036 devorabatur
1000 3981 1036 4033 ab
1056 3981 1120 4044 iilis,
1139 3982 1207 4034 licet
1227 3983 1310 4034 nensi-

223 4055 283 4090 neur
303 4041 453 4108 spoliasset.
587 4056 590 4064 “

293 4109 408 4180 Quando
428 4125 517 4170 autem
547 4129 635 4173 cetera
654 4123 865 4192 praetermissuri
887 4129 982 4188 erant,
1001 4121 1200 4176 insidiabantur
1219 4123 1311 4176 unius·

538 4225 542 4258 i
