2750 4602
228 267 282 330 ou
299 263 603 331 semitonios
622 263 650 330 s
668 265 826 330 mutuis
844 262 988 330 cml.
1040 273 1044 282 ·
1075 250 1149 328 473

65 421 174 496 λαξεν,
204 409 332 500 ἅλἠθῦς
353 418 387 482 δέ
413 417 492 482 κατὰ
515 417 730 504 προμήθειαν,
752 417 804 479 ἵνα
824 411 878 478 καὶ
896 411 973 500 ῥᾷον
991 405 1072 478 ούτω
1093 410 1148 476 διολ

64 518 122 596 τῆς
151 513 342 597 πυκνότητος
370 519 429 580 τοῦ
458 519 536 580 λαοῦ
556 515 779 597 παρεισδύοιτο
811 513 989 599 φευγόντων
1013 505 1151 576 issimus

66 617 314 698 σνμττατηθῆνοιι
337 617 382 702 τῷ
401 619 505 703 ἵππῳ,
526 613 580 679 κατ’
600 610 737 688 ἄποπτος
757 615 794 678 δὲ
814 613 858 678 oin
878 610 1019 694 diiuncti
1042 633 1075 676 τε
1096 612 1152 676 κατ’

67 713 246 793 α’ντιβλέιιοι
266 712 340 789 τούς
359 718 630 798 κακουργοῦντας,
653 711 708 776 καὶ
727 708 824 787 οὕτως
843 712 962 787 αύτούς
989 711 1150 791 α’μύνοιτο,

40 825 110 878 5-
133 811 313 893 εἰσδρομιύν
331 817 407 898 γοῦν
428 811 444 876 d
467 815 619 896 εύνοῦχος
638 807 719 877 odrae
732 819 799 891 μετ’
821 811 967 894 εῦγενούς
987 811 1083 875 ἵππου
1097 808 1153 876 κατ’

67 909 125 994 τὴν
143 908 223 992 μετύ
250 907 343 995 χεῦρα
372 913 522 998 σιδηρέαν
551 910 683 996 κορύνην
704 909 857 996 κατάγων,
878 915 1150 992 συνεπιλαμβανο-

65 1015 170 1092 μένων
190 1003 257 1092 duo
287 1010 343 1075 καί
369 1012 431 1076 ταῖν
457 1013 656 1097 έφενιομένων
685 1007 903 1095 θεραπόντων,
932 1009 965 1075 oi
982 1011 1038 1074 καί
1058 1011 1152 1074 arisai

66 1109 202 1196 σφοδροί
231 1112 311 1192 δρῦν
329 1104 425 1198 ἦσαν,
448 1113 561 1196 φόνους
588 1133 623 1178 τε
643 1109 776 1186 πολλούς
795 1109 933 1176 έκιύλυσε
953 1105 1008 1173 κατ’
1025 1109 1149 1192 γυμνού-

66 1235 134 1286 σεις
154 1210 276 1292 ύνδροῦν
297 1233 330 1274 τε
355 1213 409 1274 κατ’
429 1216 602 1294 γυναικοῖν,
630 1209 653 1275 δι’
675 1209 712 1294 δὴ
741 1205 858 1296 ἑτρωθι
887 1211 1068 1294 κωλυθῆναι
1091 1201 1149 1270 ούκ

23 1319 57 1371 10
67 1307 152 1391 ἔσχε,
173 1309 227 1372 καί
248 1308 323 1383 τούς
345 1307 532 1390 ἐπιβούλους
553 1312 589 1375 δέ
610 1315 668 1374 τοῦ
682 1306 773 1393 ύγέου
793 1303 896 1395 τύφου
917 1308 1084 1392 ύιιὴγσγιν,
1106 1305 1148 1384 αῖς

65 1403 122 1472 ούκ
153 1401 193 1471 dv
222 1411 335 1472 ἐκεῖνον
357 1401 487 1492 ἤθελον,
512 1407 721 1492 κιρδὴσοιντας
747 1409 829 1490 μύνα
856 1410 972 1494 (μυρέο
1003 1409 1038 1471 δὲ
1068 1401 1149 1490 ἦσαν

64 1511 185 1592 ἐκεῖνα)
208 1503 268 1571 dou
289 1505 349 1592 πρὸ
373 1507 473 1571 αύτοῦ
499 1511 700 1572 κατέσπασαν
721 1507 914 1594 φθάσαντες.
956 1509 1012 1571 καί
1031 1501 1149 1592 φόνους

63 1608 124 1687 μὲν
145 1603 220 1682 τούς
248 1609 316 1670 turs
341 1605 528 1690 κατέσχενδ
557 1601 685 1692 ἅρχων,
711 1609 770 1672 τοῦ
793 1609 828 1672 δὲ
850 1608 985 1689 πνιγμοῦ
1003 1609 1065 1672 τοῖν
1086 1631 1149 1693 φυ-

63 1701 181 1788 γόντων
203 1709 236 1770 έν
255 1711 298 1794 spi
317 1691 382 1794 ύορῖ
403 1705 459 1769 ούκ
481 1700 520 1790 ἦν
540 1707 708 1794 ἐπίσχεσις,
728 1709 797 1772 ἀλλ’
820 1701 925 1789 οῖ’σπερ
948 1709 983 1770 έν
1003 1713 1072 1782 τοῖς
1093 1700 1165 1782 ύλ·Ι

23 1815 55 1865 15
66 1812 138 1880 λαις
160 1811 353 1886 καθυλικαῑς,
374 1802 457 1870 οὕτω
477 1806 648 1894 καὶταύτῃ
682 1808 738 1870 ούκ
756 1806 843 1894 ύλύγῃ
863 1805 960 1894 μοι’ρᾳ
979 1805 1050 1884 τούς
1071 1809 1149 1886 ζιιῖν-

64 1929 122 1980 τας
144 1900 160 1966 ιῖ
184 1904 316 1987 πνιγμύς
337 1908 531 1992 έδικαέιυσεν,
551 1900 625 1971 uiui
643 1905 780 1992 α’ριθμός
795 1909 892 1992 ἐρίζοι
913 1899 953 1970 dv
972 1906 1052 1990 stp'o'c
1074 1904 1149 1982 τούς

65 2006 117 2070 ἐπ’
146 2001 344 2088 ῦκροπὸλεως
377 2005 580 2094 πεπνιγύτας,
615 2006 658 2084 οῖς
694 2007 716 2092 ἧ
752 2005 836 2092 α’ρχῆ
870 2005 1042 2090 τοῦλόγου
1071 2029 1148 2102 συν.

63 2105 196 2188 ε’γραψε.

162 2203 200 2268 Tt
220 2197 259 2268 ύν
281 2207 401 2288 λέγοιμι
419 2205 493 2283 τούς
515 2209 579 2272 τοῖν
600 2211 712 2289 τεγέων
735 2205 828 2273 οἴκων
849 2199 971 2273 iustu
990 2208 1213 2270 sudatio-29⁷

21 2303 180 2382 λθμένους
210 2306 264 2368 tm·
290 2306 404 2392 μελέτῃ
425 2303 587 2392 θανύκου,
609 2301 659 2370 ύτε
680 2303 716 2370 τὸ
735 2310 817 2389 μέγα
837 2306 933 2372 κακὸν
952 2307 1007 2370 καί
1028 2300 1147 2380 αύτούς

65 2407 328 2486 περιεστοέχιζενς
349 2403 382 2469 οδ
399 2403 614 2488 πτερύξασθαι
632 2409 677 2480 εἰς
700 2407 817 2488 αἰθέρα
835 2404 879 2489 μὴ
901 2405 1029 2488 ἔχοντες,
1049 2394 1146 2486 ούπερ

64 2501 192 2588 ἐφίεντο
213 2496 271 2588 ἄν,
301 2506 336 2567 τύ
360 2505 423 2569 τοῖν
444 2505 570 2587 βαρέων
597 2501 736 2587 ἔπασχον
758 2503 813 2570 κατ’
835 2499 965 2569 έλύκουν
983 2507 1029 2578 εἰς
1045 2498 1146 2567 θύνο-

138 2637 179 2693 1⁵.
197 2635 271 2694 κῦνῖ
361 2639 405 2692 17.
423 2635 491 2702 oric?

66 2777 258 2848 emplo,qui,
277 2777 405 2846 quomis
429 2775 586 2831 catholicam
610 2777 768 2848 metropolis
794 2775 932 2829 ecclesiam
960 2776 1081 2830 invectus
1101 2791 1145 2828 es·

66 2855 124 2908 set,
146 2845 305 2902 deturbatus
332 2857 389 2901 tum
413 2865 510 2919 equum
538 2849 648 2902 vulnere
674 2849 775 2900 laesum
801 2847 908 2912 emisit,
927 2855 982 2900 turo
1001 2847 1058 2917 ipss
1074 2847 1145 2898 mais

67 2917 200 2981 discessit,
226 2917 272 2970 sed
292 2935 382 2970 revers
403 2917 494 2971 divina
519 2919 615 2971 ductus
638 2919 825 2990 providentie,
846 2935 901 2988 quo
920 2918 1024 2970 facilius
1041 2917 1079 2970 ita
1097 2935 1146 2988 per

64 2989 267 3042 multitudinem
287 2989 424 3042 hominum
442 2997 605 3060 penetraret,
625 3007 658 3042 ns
671 2991 704 3041 ab
723 3007 793 3062 equo
812 2991 1031 3042 conculcarentur
1049 3006 1145 3041 caren-

66 3061 144 3120 tium,
164 3070 192 3112 et
210 3061 334 3112 sublimis
360 3069 415 3112 tum
442 3069 596 3112 cerneretur
622 3063 679 3132 ipse
697 3070 753 3114 tum
771 3068 892 3114 cerneret
908 3061 1043 3122 scelestos,
1062 3069 1145 3130 atque

65 3131 104 3183 ita
122 3131 184 3183 illos
205 3131 304 3200 flagitio
322 3129 479 3201 prohiberet
503 3131 687 3200 -ingressus
707 3132 790 3201 igitur
807 3139 848 3184 est
869 3131 907 3184 ita
927 3131 1066 3184 eunuchus
1084 3147 1145 3182 cum

65 3219 137 3272 equo
155 3219 294 3270 generoso,
316 3209 352 3262 st,
370 3204 470 3254 clavam
492 3201 605 3254 ferream
626 3219 704 3254 manu
724 3211 869 3274 torquem,
894 3201 1001 3254 adiutus
1030 3201 1109 3253 etiarn
1130 3218 1145 3252 a

65 3273 220 3325 domesticis
259 3271 461 3334 comitantibus,
480 3275 527 3342 qui
554 3279 582 3325 et
610 3273 662 3343 ipsi
686 3291 765 3325 mauu
791 3289 867 3344 prom
889 3273 908 3325 tl
936 3281 1032 3336 erant,
1050 3270 1145 3324 caedes

64 3345 162 3396 multas
188 3352 216 3396 st
234 3344 349 3395 virorum
374 3343 571 3414 mulierumque
592 3345 768 3414 spoliationes
794 3290 950 3414 impedivit,
980 3360 1050 3413 qnae
1067 3341 1146 3393 aliter

64 3415 267 3538 ttttl't't‘:
284 3423 418 3536 tilii
437 3423 556 3536 ‘titt
574 3415 995 3556 '‘littt.“titillat‘’
1010 3411 1146 3536 titii

66 3560 163 3622 erant),
182 3503 252 3628 qdae
273 3563 337 3606 ants
354 3503 498 3609 adveniam
519 3523 575 3608 eiui
594 3555 774 3609 detraxerant.
812 3557 904 3626 itaque
922 3555 1018 3608 caedes
1036 3551 1145 3624 quidem

66 3627 104 3677 ibi
125 3627 178 3678 dus
199 3629 246 3680 ilie
264 3627 384 3688 sistebat,
402 3626 450 3677 secl
475 3627 552 3678 elisio
571 3628 728 3696 fugientium
746 3627 803 3680 sisti
823 3627 851 3678 in
869 3627 971 3696 templo
989 3641 1043 3676 non
1064 3633 1145 3693 pote-

66 3705 116 3758 rat,
135 3713 225 3748 rerum
246 3699 315 3750 sicut
329 3699 358 3750 in
377 3697 617 3767 reliquisecciesiis
634 3698 758 3768 publicis,
776 3699 813 3750 ita
832 3698 861 3749 in
878 3697 927 3748 illa
944 3713 1054 3766 quoque
1072 3693 1145 3746 hand

66 3769 162 3834 exigua
181 3767 318 3820 hominum
338 3785 399 3838 pers
421 3771 548 3820 soiiocote
571 3777 619 3830 est,
638 3785 749 3838 quornm
768 3767 877 3840 quidem
897 3783 1023 3818 numerus
1041 3783 1089 3836 per
1104 3773 1146 3818 est

65 3838 179 3962 cslortasse
200 3839 241 3903 iis,
258 3841 303 3910 qui
321 3841 349 3891 in
368 3855 428 3892 arcs
447 3838 505 3890 elisi
524 3847 594 3900 suot,
618 3837 651 3889 tle
669 3838 767 3910 quibus
785 3842 813 3892 in
832 3838 965 3909 principio
983 3836 1063 3890 huius
1081 3835 1144 3888 libri

86 3910 169 3962 ictum
190 3917 239 3961 est,

134 3977 208 4050 Quid
236 3979 296 4030 ilios
321 3995 539 4042 commemorem,
559 3979 605 4050 qui
625 3977 740 4048 desuper
754 3977 787 4030 ds
814 3979 893 4032 tectis
911 3977 1015 4030 sedium
1037 3979 1064 4028 in
1081 3995 1144 4048 per-

64 4053 161 4104 niciem
184 4067 212 4102 se
241 4047 389 4112 dederunt,
410 4051 562 4102 calamitate
595 4051 697 4120 quippe
726 4051 833 4102 immani
862 4049 1054 4102 circumventi?
1096 4049 1143 4118 qui

63 4141 145 4197 quum
171 4137 219 4192 per
248 4136 334 4174 aerem
356 4121 463 4186 volare,
488 4129 517 4174 ot
541 4119 699 4192 cupiebant,
718 4137 773 4174 non
794 4129 914 4192 possent,
935 4139 982 4193 pro
1004 4137 1144 4192 corporato
