2750 4602
214 190 288 269 tit
629 203 881 272 memmius

213 375 330 435 τακτοι,
352 347 413 420 ion
435 351 671 438 καίοτίρόναις,
692 351 876 436 sinmitrii
897 351 1074 441 τραγῳδία,
1091 359 1157 427 τοῖς
1182 352 1219 416 δὲ
1243 351 1312 414 aa‘o'r

215 445 319 537 οόρων
340 450 475 535 δοχείοις
498 445 550 518 οἷα
570 455 626 517 καί
644 450 803 536 ποτηρίοις
824 453 1010 534 ἐκέχρηντο,
1034 451 1066 515 oi'
1086 473 1121 534 γε
1141 449 1197 513 καί
1220 447 1309 514 κατὰ
1353 449 1354 512 s

216 551 363 637 φρεάτων
383 553 530 638 τίφιέντες
543 555 711 636 προρρέειν
724 549 779 616 τόν
790 553 846 615 τοῦ
859 557 925 614 κατ’
941 548 1057 626 adroic
1077 550 1180 613 eiurari
1199 546 1310 628 προδ-
1353 571 1354 632 3

212 673 311 732 χοντα
331 649 426 731 πόδα,
446 645 514 716 εἶτα
536 650 747 732 ὑδρευόμενοι
770 647 876 715 ἔπινον
894 651 953 714 τοῦ
970 653 1115 730 μιασμοό
1133 649 1188 713 καί
1208 649 1309 714 τοῦτο
1353 703 1354 716 ,

213 746 308 814 πόλιν
328 753 384 816 καί
399 752 502 834 πόλιν,
522 749 577 816 καί
596 751 697 814 eiecti
715 750 826 814 κόκλον
844 753 952 813 τοῦτον
974 745 1141 823 ἓλίττοντες
1160 749 1295 828 α’σελγῆ.
1317 757 1330 807 5
1353 757 1354 792 ἲ

297 849 393 916 Ἀλλὰ
418 852 513 916 τοῦτο
538 853 597 931 μὲν
622 847 670 933 εἴη
700 844 740 914 τόν
761 851 816 914 καί
834 853 954 932 γελοῖον
980 850 1183 931 παραρριφὲν
1201 843 1310 931 εἱρμηῖ

212 951 277 1012 τινί
297 957 353 1012 καί
373 950 473 1013 ατίτό·
515 945 538 1014 rii
560 953 597 1014 δέ
615 949 723 1014 α’νόπιν
741 947 1011 1033 σνμγεγρόφαται,
1030 948 1098 1010 ἀλλ’
1118 949 1222 1011 ἐκεῖνα
1242 971 1308 1026 μο-

214 1047 269 1132 ρία
292 1052 523 1131 προκαλοῦνται
553 1051 686 1132 δάκρυα.
737 1047 845 1112 ὁποῖον
872 1046 927 1110 καί
944 1043 977 1110 τό
1009 1048 1067 1109 τοῦ
1084 1041 1306 1127 μοροβλότον,

214 1138 251 1211 οὗ
273 1150 318 1235 τῷ
335 1148 425 1236 τόφῳ
443 1145 668 1230 ἐμπεπωκότες
686 1146 764 1228 μετὰ
778 1149 929 1210 πελέκεων
949 1141 979 1208 oi
999 1141 1147 1233 τοιρότοον
1160 1145 1205 1218 είς
1229 1167 1307 1206 ποι-

214 1245 273 1330 νη“ν
293 1241 377 1325 όξιοι
398 1247 504 1312 τόντε
525 1251 615 1329 πέρίξ
638 1243 865 1326 ἐπιπολάζοντα
886 1244 1003 1324 κόσμον
1022 1245 1057 1322 ἐξ
1077 1241 1217 1325 α’ργόροο
1248 1269 1302 1306 κα·
1315 1259 1341 1310 u

214 1347 368 1427 τέκοψαν,
389 1349 444 1410 κατ’
462 1344 516 1412 τόν
535 1345 615 1432 όπὲρ
640 1349 778 1432 κεφαλῆς
806 1347 841 1408 δέ
862 1348 1064 1442 περιείλοντο
1071 1344 1209 1425 χρύσεον
1232 1345 1304 1407 στέ.

95 1505 104 1524 ,
215 1467 333 1532 φονον,
366 1448 423 1509 καί
441 1445 505 1528 μην
527 1443 582 1510 καί
607 1445 663 1510 τόν
685 1447 789 1526 ἕτερον
818 1443 979 1526 ἀπήγαγον
1002 1451 1067 1507 τοῖν
1098 1445 1231 1522 ποδοῖν,
1252 1442 1304 1506 ἵνα

214 1544 300 1626 τόχα
320 1541 355 1608 τό
393 1547 531 1622 ποδῶκες
558 1549 613 1628 τῆς
632 1547 666 1623 ἒξ
685 1545 803 1608 ἐκείνου
829 1547 916 1627 δίκης
934 1543 1115 1607 έκκλίναιεν.
1157 1535 1218 1604 κόν
1239 1545 1303 1618 tgr·-

215 1649 338 1726 πραξαν
359 1639 392 1717 ἐς
411 1639 445 1707 τό
466 1641 538 1724 πὰν,
558 1646 589 1709 εἰ
608 1641 653 1724 μή
676 1640 711 1707 τό
728 1647 814 1706 θεῖον
834 1641 949 1726 όντέβη
968 1639 1023 1704 καί
1040 1638 1121 1722 ταχό
1143 1637 1304 1723 όδηγῆσαν

216 1740 288 1816 τοός
310 1745 489 1824 κρείττονας
510 1739 543 1806 ἔν
554 1765 589 1826 γε
611 1749 674 1817 τοῖς
693 1738 866 1824 βαρβάροις
885 1745 930 1815 είς
948 1740 1095 1822 κωλόμην
1109 1743 1302 1801 κατεπέτασε
1314 1753 1337 1803 15

215 1841 275 1905 τοῦ
297 1842 405 1904 κακοό.
456 1843 609 1923 εόνοόχος
637 1839 700 1924 peip
730 1845 787 1904 τοό
814 1839 925 1923 ῥηγός,
957 1841 1075 1920 α’μιρᾶς
1109 1835 1167 1918 την
1199 1837 1304 1917 α’ξίαν,

215 1935 361 2024 πρότιειν
381 1931 455 2018 όξός
476 1941 532 2004 καί
550 1936 686 2022 θερμός,
708 1933 773 2014 οἶος
786 1937 886 2025 φόβον
903 1935 1011 2020 βαόόν
1031 1939 1244 2016 καταπέμπειν
1257 1929 1303 2009 οἷς

215 2032 256 2104 όν
284 2031 393 2122 ἄγριος
431 2044 673 2124 προοενεχθείη,
712 2037 849 2126 ἔφιππος
884 2035 1070 2117 εἰσελάσας,
1102 2034 1145 2108 σός
1176 2035 1234 2098 orie
1265 2025 1304 2097 όν

217 2159 266 2211 τις
302 2137 440 2218 έλπίσοι,
470 2140 530 2212 ἕως
563 2140 609 2213 εἰς
639 2137 727 2221 βαθό
762 2135 820 2204 τοῦ
853 2137 944 2201 θείου
975 2137 1072 2217 ναοδ,
1107 2133 1150 2209 οἷς
1182 2135 1243 2214 μέν
1274 2131 1303 2195 oi

217 2237 327 2302 πολλοί
345 2231 503 2322 ἐνόμισαν,
525 2239 578 2302 διόι
600 2237 826 2323 περιφρόνησιν
848 2235 901 2300 καί
926 2234 1023 2308 αδτός
1045 2241 1110 2298 κατ’
1132 2231 1250 2298 ἐκεῖνον
1271 2228 1337 2306 icor)

218 2338 253 2402 έν
272 2339 313 2423 τῇ
331 2339 384 2418 τῆς
417 2335 639 2419 μητροπόλεως
661 2339 815 2421 καθολικῇ
843 2331 1063 2407 καθιππεύσας
1084 2330 1191 2398 τόντε
1212 2334 1302 2396 ἵππον

219 2435 358 2517 όπέβαλε
378 2439 638 2518 ονγκατενεχθείς
657 2441 861 2518 θραυσθέντα
882 2437 936 2498 καί
956 2431 1050 2509 odric
1071 2433 1127 2495 οόκ
1144 2426 1183 2495 εδ
1204 2424 1302 2513 uinit-

293 2610 317 2662 t.
336 2608 505 2682 ένεοδρουνδ

222 2771 321 2822 elerum
350 2771 435 2821 vitrea
461 2771 584 2823 effrenati
610 2771 652 2824 lati
672 2779 798 2842 tanquam
823 2770 935 2824 matulae
956 2766 1101 2834 habebant,
1120 2777 1151 2821 ut
1168 2767 1300 2837 tragoedia

222 2839 330 2904 dixerit,
350 2841 443 2892 urinae
457 2843 631 2912 receptaculis
648 2851 737 2894 autem
757 2859 805 2913 pro
822 2842 929 2913 ecypbir
949 2841 1107 2894 utebantur!
1144 2837 1301 2912 quidquod

221 2911 305 2962 iidem
325 2911 393 2962 ntrie
408 2913 449 2963 aui
462 2913 617 2981 prominens
636 2915 732 2965 ortium
752 2915 779 2964 in
798 2919 896 2982 puteo·
912 2912 1062 2974 solvebant,
1081 2910 1181 2962 deinde
1198 2909 1301 2960 haurie-

221 2981 290 3034 bant
300 2979 485 3054 bibebantque
497 2982 531 3034 de
545 2986 667 3048 mixtura,
686 2985 768 3054 idque
784 2982 943 3046 identidem,
961 2991 989 3036 et
1000 2990 1133 3052 perpetuo
1151 2983 1180 3034 in
1194 2981 1301 3032 obrcoe·

222 3069 287 3106 num
307 3053 387 3103 iatum
407 3069 498 3120 gyrum
519 3054 582 3104 acti.

307 3123 361 3175 Sed
385 3122 437 3174 boc
457 3123 566 3194 quidem
585 3125 706 3194 quamvis
732 3123 873 3176 ridiculum
899 3125 937 3176 lta
961 3123 1151 3192 interpositum
1175 3128 1249 3180 esto,
1269 3135 1301 3170 ne

224 3195 312 3264 iprum
340 3193 448 3264 quidem
475 3203 581 3264 praeter
609 3212 696 3247 rerum
724 3193 856 3246 ordinem.
899 3209 969 3264 quae
994 3202 1085 3245 autem
1102 3209 1182 3262 cupra
1200 3199 1302 3242 narrate

225 3273 296 3328 eunt,
315 3279 346 3316 en
366 3281 428 3316 vero
448 3265 569 3316 lacrimte
586 3265 706 3317 infinitae
726 3267 853 3318 excitent.
896 3265 978 3335 quale
1001 3273 1058 3315 erat
1075 3265 1167 3324 etiam,
1185 3259 1256 3332 qnod
1277 3261 1304 3310 in

225 3345 356 3398 nanctum,
375 3336 422 3406 qui
443 3345 580 3402 unguente
593 3335 715 3398 excudat,
733 3343 882 3406 patrarunt,
903 3338 978 3386 cuiue
990 3335 1141 3404 repulerum
1160 3333 1304 3384 insolenter

225 3407 368 3468 violarunt,
386 3407 534 3469 securibur,
552 3424 619 3476 quea
637 3407 689 3477 ipai
706 3409 873 3470 meruissent
898 3413 1051 3472 argenteam
1069 3403 1233 3473 crepidinem
1251 3401 1305 3452 dir-

226 3486 348 3528 necantes
375 3484 404 3528 et
427 3493 551 3528 coronam
584 3494 692 3528 cerream
726 3480 807 3546 capiti
845 3481 996 3546 impositam
1028 3475 1215 3528 detrabentes:
1243 3473 1305 3542 quin

226 3549 306 3599 etiam
323 3549 420 3618 pedem
440 3547 552 3598 alterum
565 3546 745 3610 abstulerunt,
764 3565 818 3619 quo
836 3549 940 3599 acilicet
957 3563 1062 3617 poenae
1079 3563 1112 3598 ex
1129 3563 1162 3596 eo
1181 3561 1305 3594 consecu-

225 3625 301 3670 turae
319 3619 486 3670 celeritatem
505 3617 681 3670 declinarent.
719 3629 800 3689 atque
818 3619 855 3670 ita
881 3621 973 3670 sorren
990 3619 1113 3668 universa
1137 3615 1304 3674 delevissent,
1353 3625 1354 3672 ζ

226 3689 278 3740 nisi
297 3707 396 3740 numen
418 3687 707 3752 divinumobrtitireet,
725 3697 754 3741 et
767 3697 878 3760 repente
896 3691 1025 3760 primores
1044 3687 1217 3738 barbarorum
1236 3701 1305 3736 cnm·
1326 3743 1329 3746 Δ
1353 3675 1354 3732 i

225 3761 354 3812 movieaet
386 3767 413 3811 et
431 3760 574 3812 excitasset
598 3759 633 3810 ad
660 3760 805 3812 riatendum
832 3761 985 3830 perniciem.
1028 3774 1145 3827 namque
1174 3755 1305 3808 eunuchus
1353 3795 1354 3818 ,

227 3829 311 3894 regia,
329 3831 424 3881 amirae
445 3829 596 3898 dignitate,
622 3847 683 3882 acer
708 3839 737 3883 et
755 3840 893 3902 promptus
912 3831 945 3882 ad
966 3829 1119 3897 egendum,
1139 3833 1169 3880 et
1189 3828 1236 3897 qui
1256 3836 1304 3878 ter·
1353 3845 1354 3848 ¹

227 3915 313 3948 rorem
332 3901 475 3962 incuteret,
503 3901 538 3950 ad
557 3917 745 3972 quemcunque
776 3903 860 3954 iretur
884 3903 1046 3965 accersiant,
1076 3909 1156 3970 equo,
1175 3897 1249 3967 quod
1266 3899 1305 3947 rix

225 3967 332 4029 credas,
359 3971 387 4019 in
415 3971 538 4022 intimum
566 3981 619 4024 tem
642 3973 696 4023 lum
724 3975 855 4041 ingressui
883 3981 939 4034 eet,
965 3973 1023 4042 ipae
1053 3985 1165 4041 quoque
1190 3976 1303 4020 contern-

226 4047 293 4113 ptu,
311 4047 341 4088 ut
364 4039 488 4111 plerique
518 3990 739 4108 arbitrabantur,
761 4060 892 4098 sacrarum
911 4059 998 4098 rerum
1016 4040 1153 4112 abreptus,
1172 4039 1245 4094 illina
1262 4056 1303 4090 ex·
