2776 4612
233 321 287 380 nn
304 315 609 382 musstaomcl
627 315 655 380 A
674 319 832 382 ntaruts
853 316 997 382 canat.
1081 301 1154 376 449

64 470 138 530 θεῖν
160 466 233 552 (οὐκ
255 462 316 532 οἶδ’
336 459 425 552 ὅθεν)
447 465 503 550 τήν
518 469 550 542 ές
570 471 672 530 νέωτα
695 470 768 529 καθ’
788 459 871 549 ἡμᾶς
889 464 1028 551 βλάβην·
1070 471 1157 550 λέγε.

65 591 121 632 ται
142 569 171 630 δ’
193 560 240 632 dn
264 567 298 631 έκ
317 567 487 649 προδοσίας
508 563 612 640 τινός·
642 566 699 628 adu
722 558 873 646 οἴδαμέν
894 569 1034 646 α’κριβοῖς
1052 569 1081 630 εἰ
1105 570 1162 632 καί

65 660 186 750 ἄλλης,
220 669 346 748 idulatria
377 667 412 729 dt
432 668 488 730 καί
511 662 662 745 μάλιστα.
713 666 768 728 κατ’
786 663 803 726 ὁ
824 669 882 744 μὲν
902 663 1000 730 είποὸν
1023 671 1162 740 Λατῖνος

67 764 114 840 ὥς
134 766 169 828 ix
198 769 255 828 rori
282 764 364 828 κατοὶ
396 763 469 838 τούς
488 767 696 846 βουργεσιόυς
722 763 841 846 σίργου
870 767 994 847 θέλημα
1012 765 1162 850 ἐπέμφθη

40 871 136 938 ἕντοῖς
156 859 217 942 ἔξω
253 861 330 928 κατὰ
361 865 424 928 τοῖν
447 866 503 946 τῆς
523 863 644 940 πόλεως
677 867 732 928 καί
753 860 965 946 καταμὴνυμα
986 865 1048 928 ταῖν
1067 863 1162 948 ἐντός,

69 965 131 1026 ode
158 958 198 1026 civ
226 963 385 1028 α’πισιοῖτο
415 968 490 1044 ἡμῖν
520 963 775 1048 τεκμαιρομένοις
810 963 844 1039 έξ
871 953 916 1026 οἷν
941 963 1161 1046 η’κριβιὸμεθα·

68 1063 207 1126 τοιοῦτοι
226 1061 287 1145 γοίρ
308 1085 389 1135 τινες
410 1061 651 1149 πυργοφύλακες
670 1064 866 1146 ἐπίτριπτοι,
885 1065 1005 1126 νεανίαι
1027 1064 1165 1148 αἰλελφοί

71 1164 106 1224 εἰι
128 1165 340 1242 Χονναβιτῶν,
365 1160 489 1244 ἔχιδναι
510 1161 656 1246 γεννητοιί
677 1165 715 1248 τῇ
735 1163 823 1226 πόλει
852 1162 950 1249 ταύτῃ
973 1167 1039 1225 κατ’
1060 1161 1162 1246 assiriis

70 1259 130 1344 την
148 1263 205 1344 τῆς
228 1261 376 1337 ἁλώσεως
398 1257 484 1344 α’)’ραν
505 1261 677 1346 κατήσθιον
699 1261 806 1346 αὐτὴν,
828 1263 882 1326 καί
903 1263 994 1325 αὐτοί
1012 1265 1087 1347 ξίφη
1108 1287 1163 1343 γυ.

28 1363 253 1440 ιομνιοσαντες
280 1358 335 1422 καί
371 1362 614 1444 κατατρέχοντες
648 1357 705 1434 τοὶς
736 1361 904 1446 α’μφόδους
935 1359 1068 1443 γνωστοί
1100 1369 1164 1436 τοῖς

71 1464 245 1542 βλέπουσι,
277 1458 383 1525 πίστιν
412 1456 496 1524 οὕτω
518 1462 655 1534 ιλιιλόντες
683 1463 739 1522 καί
758 1460 865 1547 πρῴην
887 1460 1050 1542 ἐπίβουλοι
1072 1455 1163 1524 εἶναι.

74 1561 131 1624 καί
151 1559 208 1622 οὐκ
229 1557 298 1624 ἔσθ’
319 1555 404 1636 ὅπως
428 1561 469 1621 ου’
487 1561 708 1641 μετελεύσεται
729 1555 747 1641 ἦ
773 1560 843 1642 δίκη
869 1559 998 1634 αὐτούς.

162 1661 230 1724 Κατ’
250 1656 266 1720 ὅ
285 1663 345 1736 μὲν
364 1663 504 1734 τοιοῦτος
517 1665 658 1731 Λατῖνος
674 1649 737 1722 ὧδε
752 1667 970 1740 συγκροτεῖται
990 1656 1068 1742 πρὸς
1090 1663 1167 1743 α’λὴ-

74 1761 178 1844 βειαν,
200 1757 256 1822 καί
274 1753 377 1832 ἄλλως
398 1757 458 1840 οὐχ
490 1753 557 1833 οἷός
575 1781 609 1821 τε
638 1752 683 1820 aiv
712 1761 918 1840 φείσασθαι·
962 1757 1036 1823 ὅδὲ
1057 1760 1167 1841 Ἀβού-

34 1857 167 1934 15διμος
183 1857 349 1940 Mercurii,
371 1856 449 1938 α’νὴρ
472 1855 594 1938 ἰχθύων
616 1859 710 1938 τιμῆς
731 1856 911 1941 μελόμενος,
934 1861 991 1922 νῦν
1003 1861 1062 1938 μὲν
1080 1862 1169 1938 ω’μο-

75 1959 200 2041 γὲριαι,
229 1959 328 2022 ποίλαι
350 1960 386 2022 δέ
406 1981 478 2022 ποτε
508 1955 737 2044 περιᾳδόμενος
768 1961 867 2039 μέγας
895 1952 1052 2040 εἶναιτὴν
1071 1969 1167 2042 χεῖρα

76 2059 132 2119 καί
151 2053 285 2140 βριαρός
308 2054 407 2139 arderia
427 2064 617 2138 κατενεγκεῖν
638 2059 700 2120 ταῖν
729 2050 978 2142 ἀνθισταμένων,
1002 2049 1038 2122 οἷν
1059 2059 1113 2123 καί
1131 2059 1167 2122 ed

77 2153 159 2220 κιττοὶ
183 2159 276 2238 σῶμα
308 2157 457 2228 είσταλὲς
490 2153 537 2218 ἔτι
571 2163 741 2239 κατηγορεῖ
765 2154 823 2240 την
847 2155 957 2240 ῥώμην
988 2155 1026 2242 ἢν
1047 2161 1175 2239 λέγεταί

82 2275 157 2318 ποτε
177 2257 321 2318 πλουτεῖν
345 2253 361 2316 d
389 2247 580 2339 ἅνθρωπος,
609 2253 701 2329 αὐτὸς
735 2251 773 2338 δη
807 2257 991 2339 ἐφανέρωσε
1014 2257 1171 2340 πρόδοτον

35 2349 163 2424 νοεῖναι
191 2351 249 2436 την
281 2357 447 2434 πανταχοῦ
480 2357 537 2435 γῆς
571 2352 785 2437 περιφόρητον
818 2357 863 2440 τρῖ
894 2358 976 2418 κλέει
1009 2357 1171 2421 Θεσσαλο-

81 2451 178 2536 νίκην.
231 2443 320 2516 οὔαιο
352 2452 413 2534 γοὶρ
436 2447 612 2538 ἀκραιφνὴς
643 2451 746 2533 ἡμέρα
776 2451 796 2534 ἦ
833 2453 912 2514 κατὰ
944 2452 1002 2536 τὴν
1034 2449 1171 2538 ἅλωσιν,

81 2553 152 2616 a'tt’
178 2548 224 2616 ἔτι
252 2551 309 2630 νὺξ
336 2551 516 2637 ἀμφιλύκη,
548 2555 622 2616 καθ’
653 2549 692 2633 ἣν
728 2549 776 2614 ἔτι
808 2553 863 2615 κατ’
890 2547 925 2614 τὸ
957 2548 1035 2638 ἑῷον
1067 2561 1171 2635 τεῖχος

81 2649 279 2734 α’πρόοβατον
310 2655 438 2736 ἐχθροῖς
470 2645 516 2736 η’ν,
548 2655 604 2716 καί
633 2648 727 2748 αὐτὸς
753 2653 812 2714 τοῦ
841 2645 941 2714 ὕπνου
971 2652 1096 2726 α’νεθείς
1117 2657 1173 2717 καί

82 2909 189 2976 cognita
210 2913 329 2980 pernicie
345 2913 424 2964 nobis
437 2913 606 2981 propinqua:
622 2927 702 2980 quam
715 2907 841 2981 equidem
855 2907 957 2972 nescio,
975 2908 1048 2960 unde
1069 2927 1170 2980 cogno-

82 2981 189 3044 verint,
207 2981 255 3032 sed
272 2983 368 3035 dicuat
386 2985 566 3052 proditionem
585 2981 679 3033 iactam
707 2996 775 3042 esse,
795 2995 851 3030 non
871 2982 955 3030 ausim
976 2980 1117 3044 affirmare,
1136 2999 1171 3034 an

82 3052 116 3102 ab
135 3053 189 3104 alio
208 3069 326 3122 quoque,
344 3053 390 3104 sed
410 3061 480 3104 certe
499 3051 608 3120 quidem
628 3053 661 3102 ab
680 3051 791 3102 homine
808 3051 957 3120 peregrino.
994 3068 1055 3102 nant
1075 3055 1171 3104 Latino

82 3123 202 3185 cuidam,
223 3125 269 3192 qui
298 3141 331 3174 ex
348 3126 415 3174 turri
436 3124 566 3192 burgesiis
592 3125 717 3194 opposita
743 3121 854 3174 consilia
876 3120 1002 3174 adversat
1021 3123 1124 3175 incolas
1143 3132 1172 3175 et

82 3193 183 3244 indicia
209 3209 296 3245 rerum
325 3195 482 3245 urbanarum
510 3193 696 3246 obsidentibus
722 3194 802 3247 missa
829 3191 1063 3256 assentiremus,
1090 3193 1170 3244 fidem

82 3263 209 3334 equidem
229 3263 302 3316 haud
322 3264 512 3330 derogaverim,
532 3264 682 3317 rationibus
703 3264 853 3324 adductus,
871 3263 970 3334 quibus
989 3280 1029 3315 res
1055 3265 1170 3316 manile-

81 3344 122 3386 sta
141 3337 180 3388 sat.
198 3337 298 3387 etenim
317 3337 416 3386 versuti
443 3336 553 3406 qnidam
571 3336 653 3386 turris
679 3335 819 3396 custodes,
839 3336 934 3385 iratres
953 3334 1170 3386 adolescentese

82 3406 270 3465 Clronnalritis,
287 3408 395 3474 viperae
414 3405 558 3475 pestiferae
580 3405 653 3456 urbis
672 3405 765 3467 huius,
782 3408 853 3456 inter
879 3406 962 3474 ipsam
991 3405 1171 3474 expugnatio-

81 3495 141 3528 nem
172 3475 337 3546 diripiebant
356 3494 429 3538 eam,
456 3479 555 3529 strictis
574 3475 668 3545 gladiis
689 3493 737 3546 per
754 3479 827 3528 vicos
856 3475 1044 3536 discurrentes,
1062 3491 1093 3524 ec
1111 3475 1172 3525 noli

82 3547 223 3611 omnibus,
249 3549 295 3616 qui
323 3565 369 3598 eos
392 3547 532 3611 riderent,
556 3548 636 3599 fidem
662 3548 700 3598 ita
727 3546 866 3598 iaciebant
892 3545 992 3596 fraudis
1020 3547 1072 3595 iam
1098 3545 1172 3615 prius

81 3627 206 3670 structae.
243 3633 293 3670 uec
308 3618 365 3670 sore
381 3635 472 3687 spero,
492 3619 560 3690 quin
578 3635 667 3690 poena
689 3619 751 3670 illos
773 3624 963 3687 consequatur.

155 3689 204 3738 llle
222 3689 305 3756 igitur
321 3689 432 3742 lmlinus
453 3697 481 3741 et
499 3691 681 3742 testimonium
703 3688 753 3737 hoc
778 3687 899 3738 veritatis
917 3683 1008 3745 habet,
1027 3702 1076 3736 nec
1094 3685 1172 3736 vide.

83 3767 128 3808 tur
142 3759 252 3810 omnino
282 3761 398 3812 mendae
422 3761 513 3811 lttisse.
557 3761 668 3814 idanuel
690 3757 837 3808 Abudimus
865 3761 965 3817 autem,
985 3757 1025 3806 rin
1043 3757 1171 3826 piscariae

104 3829 251 3890 caelentur,
276 3847 348 3883 nttnc
373 3831 482 3902 quidem
501 3829 594 3881 viridis
625 3845 716 3889 senex,
735 3827 800 3880 olim
818 3827 978 3886 celebratus,
1000 3825 1072 3895 quod
1093 3845 1171 3878 manu

82 3845 160 3950 Fortis
182 3907 252 3950 etset
271 3911 299 3951 et
315 3905 428 3969 graviter
440 3899 593 3969 profligaret
610 3899 786 3960 adversarios,
806 3899 882 3948 cuius
901 3897 1055 3948 etiamnunc
1076 3913 1172 3968 corpus

82 3975 207 4036 vegetum
222 3971 299 4038 quasi
311 3975 492 4026 testimonium
511 3971 615 4024 roboris
628 3979 676 4032 eet,
691 3984 745 4040 quo
759 3969 895 4038 quondam
908 3967 1059 4018 abundasse
1078 3967 1171 4030 fertur,

83 4040 182 4092 ‹liserte
197 4037 349 4100 declararit,
366 4045 499 4112 proditam
520 4058 578 4094 esse
596 4040 689 4092 urbem
705 4047 853 4108 pertulum
870 4037 965 4108 orbem
980 4047 1107 4090 terrarum
1120 4057 1171 4090 no-

83 4112 167 4163 bilem
185 4109 413 4164 Thessalonicam.
457 4113 576 4166 nondum
595 4114 664 4164 enim
686 4113 767 4181 plane
793 4111 921 4163 illuserat
944 4108 1010 4172 dies,
1031 4126 1085 4179 quo
1110 4109 1173 4160 urbs

84 4189 160 4252 capta
182 4189 239 4242 est,
258 4179 305 4232 sed
325 4191 383 4234 erat
400 4183 487 4236 adlauc
514 4184 672 4247 diluculum,
690 4200 741 4235 uec
759 4181 821 4234 dnm
841 4184 869 4234 in
890 4198 993 4233 murum
1015 4179 1173 4233 orientalem

141 4278 196 4332 hee
217 4279 423 4332 Grammaticus.
943 4275 978 4328 29
