2762 4622
440 250 808 320 cnuouoerarrrra.
892 207 894 212 ⁵
1092 247 1161 320 ror

75 423 148 484 μου
176 399 233 466 τδν
262 398 355 481 θεύνς
377 403 501 478 πολλύς
522 406 651 484 θλίψεις
680 402 738 468 ύπ’
757 400 856 468 αύτού
882 398 968 484 ἔχετε
997 399 1165 482 ύπομεδναι

75 501 140 568 καί
156 501 339 575 ε’ποιδύνους
359 497 510 585 ἦμέρας.”
533 499 734 588 κατηγορήθη
755 504 791 568 δὲ
813 503 962 584 Ἀνδρέας
985 501 1167 581 δσμίστικος

76 604 147 666 τῶν
160 603 283 683 οχολιδν
303 597 390 683 παρδ
405 601 649 686 Σανιαβαρηνοῦ
662 600 742 685 πρδς
754 601 809 667 τόν
826 604 960 681 βασιλέα
979 596 1022 674 ὥς
1042 596 1082 664 τύ
1095 603 1168 664 Λί-

78 721 172 775 οντος
192 701 326 783 φρονῶν,
347 703 402 763 καί
426 702 576 785 διεδέχθη
596 699 681 784 παρὰ
699 703 757 765 τοῦ
771 703 934 782 βασιλέως.
977 699 1043 763 ἄντ’
1064 697 1167 762 orituri

51 798 120 865 ὅδὲ
142 798 322 883 προεβλήθη
350 801 530 879 δομίστικος
556 799 572 865 δ
602 798 813 885 Στουπιιύτης,
838 801 892 864 καί
914 797 1065 864 α’πελθύν
1083 793 1194 878 peria

78 900 164 965 λσού
184 899 219 962 ἐν
245 895 358 986 Τύροην
378 895 507 984 ἡττήθη.
550 905 605 964 κοιιΙ
625 899 720 966 πύλικ
746 901 980 984 προχειρίζετιιι
1000 895 1087 981 ααρύ
1109 899 1166 963 τοῦ

78 1001 238 1082 βασιλέως
259 999 407 1080 Ἀνδρέας
428 1000 616 1081 δομίοτικος.
973 987 976 994 ’

160 1097 298 1181 Ῥηίνετσ
312 1096 493 1182 δλσυσκευῆ
514 1095 595 1164 aurai
607 1101 666 1164 τού
681 1097 835 1181 βασιλέως
845 1095 932 1182 παρδ
946 1097 1006 1162 τού
1023 1095 1169 1164 Ἰαύννοκ

79 1200 139 1266 τοῦ
161 1195 334 1282 Κσυρκούα
357 1197 541 1278 δομιοτίκου
562 1189 725 1274 ύντοςτῶν
738 1197 912 1278 Ίκανύτισν,
931 1199 1170 1281 χρηματισθέν-

37 1303 73 1358 10
82 1319 136 1373 τος
155 1293 243 1379 παρὰ
269 1298 327 1360 τού
353 1287 440 1372 ὄντος
468 1298 503 1362 ἐν
522 1301 723 1381 Βλαχίρναις
750 1296 947 1380 δγκλείστου·
990 1293 1170 1379 εύρὲδησιιν

81 1398 120 1460 δὲ
141 1396 254 1460 πολλοί
269 1397 340 1478 μετ’
362 1396 464 1460 αύτού
484 1399 548 1462 ταῖν
568 1397 778 1481 συγκλητικῶν
798 1394 982 1460 reticenda
995 1391 1169 1476 α’ρχύντιον,

78 1498 182 1578 μέχρι
203 1497 265 1560 ταῖν
283 1489 431 1579 ἓξὴκοντα
452 1494 494 1577 ἓξ.
543 1486 581 1580 ἦν
603 1493 664 1579 χύρ
687 1493 825 1578 Μιχαὴλ
854 1490 1096 1577 δὲταιριύρχης
1115 1495 1171 1556 καί

78 1591 97 1662 δ
119 1589 331 1678 Κατουδύρης
349 1597 406 1658 καί
424 1589 440 1657 δ
461 1599 620 1678 Μυξύρης
640 1599 693 1658 καί
711 1591 953 1674 ύΒαβούτζικος
975 1595 1029 1655 καί
1050 1591 1079 1655 ολ
1101 1596 1168 1654 λοι-

80 1696 147 1760 ποί.
187 1696 242 1776 τῆς
261 1692 322 1776 χύρ
343 1692 489 1778 τοιαύτης
508 1697 675 1776 ἐπιβουλῆς
686 1695 879 1778 μηνυθείσης
899 1695 943 1780 τῷ
963 1697 1093 1773 βασιλεῖ
1106 1717 1167 1754 πα-

41 1801 75 1854 15
84 1793 126 1880 pri
147 1795 205 1858 τοῦ
231 1797 393 1874 πρωτοβεσ
499 1819 517 1856 o
542 1796 599 1857 rosi
629 1791 801 1872 Κουρκσύα
834 1797 848 1828 *
877 1798 892 1828 *
914 1799 929 1828 ¹
956 1792 1197 1862 accelerarunt:

82 1896 120 1959 δὲ
137 1890 262 1958 πύκταν
277 1895 371 1968 teste
397 1917 413 1956 ν
434 1893 582 1974 βασιλεύς
603 1895 636 1957 ἐν
655 1898 697 1980 τῷ
717 1891 912 1980 ἱπποδρόμῳ,
933 1895 988 1956 καί
999 1892 1168 1964 καθεσθείς

1 2055 2 2058 ,
81 1994 184 2058 ἐκεῖσε
205 1995 260 2055 καί
278 1992 447 2075 ἀνακρίνας
467 1992 503 2056 τύ
524 2000 592 2058 κατ’
614 1989 736 2078 αύτούς,
756 1989 872 2069 πάντας
894 1989 1000 2074 τύψας
1022 1993 1077 2055 καί
1094 2013 1169 2054 κου.

82 2089 212 2175 ρεύσιις,
233 2089 291 2165 τύς
311 2087 358 2156 ἔτι
379 2095 637 2178 περιλειφθείσας
651 2095 765 2175 τρίχας
784 2097 985 2158 κατέκαυσεν.
1028 2087 1111 2172 perri
1133 2091 1169 2154 δὲ

1 2211 2 2278 j
82 2195 188 2258 ταῦτα
213 2191 343 2275 ἐξῆλθεν
370 2194 405 2255 ἐν
434 2193 475 2273 τῇ
494 2192 676 2273 προελεύοει
703 2193 760 2256 τού
782 2191 1020 2275 εύαχηελισμού,
1040 2185 1091 2254 διε
1114 2189 1170 2253 καί

1 2281 2 2336 Ῐ
39 2290 140 2374 werla
161 2289 330 2374 ἐπιβουλὴν
349 2287 477 2372 ἔμελλον
501 2294 643 2372 ποιῆσαι.
669 2287 876 2374 περιεπάτουν
894 2293 929 2355 δὲ
950 2280 1082 2354 ὄπισθεν
1105 2288 1169 2352 αύ-

1 2405 2 2438 1
83 2393 146 2453 τού
163 2387 278 2472 γυμνοί
305 2393 402 2472 μέχρι
429 2389 486 2454 τού
508 2390 631 2475 φόρου,
653 2391 826 2475 δεδεμένοι,
851 2385 958 2465 subde
980 2387 1166 2473 διωρίσατο·

83 2481 147 2556 sie’
169 2482 269 2564 ούτιος
288 2492 408 2568 πάντας
429 2486 589 2574 δημεύσας
610 2488 769 2576 ἐξώρισεν.

85 2775 192 2834 tiernini
212 2773 348 2846 plurimas,
371 2783 399 2828 et
419 2775 545 2846 lugubres
562 2778 595 2830 ab
617 2795 649 2830 eo
669 2777 728 2830 diss
741 2775 937 2830 sustinebitis.'’
973 2783 1111 2830 accusatus
1125 2783 1167 2829 est
1248 2793 1256 2814 ⁶

84 2849 188 2919 pariter
207 2845 325 2898 Andreas
344 2847 495 2899 scholarum
512 2849 672 2902 domesticus
693 2868 708 2900 a
726 2849 908 2901 Saetabareuo
926 2847 997 2918 apud
1017 2849 1165 2918 imperato-

88 2935 154 2982 rem,
173 2918 355 2988 quasiteonis
374 2920 548 2970 consiliorum
567 2923 709 2990 particeps,
728 2929 756 2972 et
773 2937 804 2970 ea
822 2929 932 2989 propter
950 2920 983 2970 ab
1003 2921 1166 2990 imperatore

85 2988 218 3056 dignitate
236 2997 325 3039 motus
346 2991 486 3051 oscetin
506 2993 563 3042 eiua
582 2993 668 3044 locum
688 2992 826 3059 Stupiotes
851 2991 1013 3042 domesticus
1029 2995 1165 3042 suffectus.

85 3061 201 3111 Tarsum
219 3073 282 3110 vero
300 3075 359 3110 cum
384 3061 469 3129 copiis
486 3061 621 3130 proiectus
638 3071 778 3133 superatus
797 3070 844 3114 cst
891 3079 993 3113 rursum
1011 3063 1092 3114 etiam
1110 3063 1166 3114 An-

87 3129 163 3182 dreas
182 3127 342 3180 domesticus
362 3133 507 3183 restitutus.

155 3201 235 3254 Facta
250 3208 291 3250 est
310 3218 389 3270 porro
408 3201 532 3254 adversus
551 3203 737 3270 imperatorem
764 3217 779 3252 a
800 3201 900 3252 Ioanne
921 3201 1022 3253 Curcua
1044 3204 1166 3254 icanato-

87 3287 145 3322 rum
166 3267 312 3322 domestico
330 3273 487 3334 coniuratio,
507 3273 553 3325 ubi
566 3275 693 3325 vaticinio
706 3273 739 3324 de
758 3273 928 3340 imperatoria
939 3272 1070 3340 dignitate
1091 3288 1168 3322 asse·

88 3339 195 3410 quenda
214 3359 229 3392 a
248 3343 373 3412 quopiam
402 3344 429 3394 in
448 3344 603 3396 blachernis
633 3343 736 3395 incluso
761 3343 870 3394 delusor
890 3352 948 3395 est:
975 3361 1007 3394 ex
1025 3343 1167 3396 senatoriis

87 3429 150 3463 vero
168 3412 335 3482 reliquisque
353 3413 507 3482 proceribus
535 3414 568 3465 ad
588 3418 724 3484 sexaginta
743 3431 789 3465 sex
808 3431 892 3484 usque
915 3415 956 3465 illi
976 3413 1168 3474 adhaeserunt,

87 3483 158 3534 inter
176 3482 368 3552 quoslllirlrael
390 3483 582 3536 lretaeriarcbes
601 3494 628 3536 et
645 3485 790 3536 Catudares
808 3493 835 3534 et
856 3485 977 3550 lllyaares
997 3493 1024 3534 et
1040 3482 1167 3533 llabutzi-

90 3571 134 3603 cus
153 3553 245 3604 etalii
273 3554 486 3606 numerabantur.
533 3556 584 3607 lrac
603 3565 691 3608 arrtem
718 3555 905 3606 coniuratione
927 3572 940 3604 a
964 3553 1168 3621 protovestiario

90 3624 190 3674 Curcua
208 3625 362 3692 imperatori
381 3625 502 3688 detecta,
525 3644 582 3678 cum
604 3629 672 3678 iorte
700 3627 727 3676 in
749 3627 819 3675 circo
839 3625 895 3674 ludi
918 3625 1118 3676 celebrarentur
1139 3631 1168 3674 ei

91 3695 154 3746 illuc
175 3711 267 3746 onrnes
286 3698 467 3754 convenirent.
486 3697 563 3748 affuit
578 3699 677 3764 pariter
688 3697 840 3766 imperator,
858 3704 886 3746 et
898 3693 998 3745 ibidem
1017 3693 1112 3746 sedent
1132 3691 1166 3744 de

92 3765 125 3816 iis
143 3781 254 3818 examen
270 3765 379 3830 habuit3
402 3767 556 3837 eisdemque
569 3767 723 3818 uerberibus
741 3765 823 3816 caesis
835 3771 863 3815 et
880 3781 955 3820 coma
976 3765 1104 3824 detonsis,
1123 3781 1166 3815 re

91 3837 172 3904 liquis
201 3835 235 3887 ad
260 3843 346 3888 cutem
379 3837 450 3906 pilos
478 3839 588 3889 adussit.
625 3837 724 3888 celebri
747 3834 916 3904 postmodum
945 3837 1074 3887 comitata
1097 3833 1167 3888 sesto

90 3909 301 3958 annuntiationis
328 3908 478 3972 celebrato,
496 3925 550 3979 quo
573 3910 784 3959 coniurationem
802 3905 836 3955 ad
854 3907 952 3956 saltum
971 3915 1047 3957 erant
1065 3906 1166 3976 perdu-

91 3977 165 4040 cturi,
189 3978 229 4028 illi
252 3985 321 4028 retro
342 3979 522 4050 sequebantur
537 3977 602 4030 nudi
622 3987 650 4029 et
668 3978 783 4028 vinculis
801 3976 887 4041 ligati,
908 3977 976 4026 sicut
997 3985 1167 4046 praeceperat

91 4049 242 4172 imperalpou
259 4047 293 4098 sd
312 4049 397 4102 sorum
421 4067 515 4122 ιιιηιιε.
552 4067 645 4102 eorum
665 4048 751 4104 bonis
771 4045 875 4100 demum
894 4046 1040 4118 publicatis
1057 4057 1168 4102 cunctos

90 4120 119 4174 in
135 4119 179 4174 eni
193 4119 247 4172 ‘um
267 4119 329 4188 egit.
