2762 4622
408 282 778 354 cunouoouaeml.
1066 277 1138 356 οίιυ

44 455 105 498 σιν
125 429 235 517 ατίτόν,
256 435 311 497 καί
334 434 375 520 τῇ
394 437 483 520 χειρί
502 434 659 520 κρατήσας
685 433 879 523 προσήγαγεν
899 437 978 520 πρὸς
998 437 1054 504 τόν
1076 443 1139 520 βα.

46 532 153 596 σιλέα.
207 527 224 594 u‘
254 533 290 596 δὲ
318 535 448 617 Καῖσαρ
481 539 714 618 συγκαθεσθεὶς
745 541 788 626 τῷ
816 541 945 620 βασιλεῖ
971 536 1033 626 ἔφη
1061 541 1140 604 “susi

46 632 132 694 lueri
152 629 289 713 παντός,
312 633 457 714 δέσποτα,
487 637 733 722 δπισυνηγμενου
753 635 930 721 πρόσταξον
948 639 1142 719 διαπερᾶσαι

47 733 84 792 ἑν
103 729 141 815 τῇ
162 730 304 818 lipsien?
345 724 475 798 ὄπισθεν
494 735 530 798 δὲ
551 729 649 811 ἑστός
667 733 685 800 ό
705 737 873 812 Βασίλειος
892 739 1026 802 δέδωκεν
1046 729 1143 802 αὐτόν

23 826 134 908 ομετιὶ
156 831 215 894 τοῦ
235 833 370 915 ξίφους,
391 829 446 896 καί
466 830 495 896 οἱ
509 837 614 900 λοιποί
634 833 664 900 ui
687 838 755 916 μετ’
776 829 874 901 αότὸν
890 833 1028 918 μεληδὸν
1047 840 1141 899 κατέ.

50 947 157 1012 κοψαν
177 928 300 1009 airis,
329 933 388 996 τοιῖ
413 935 569 1014 βασιλέως
589 939 780 1015 βλέποντος·
828 931 898 1019 ripa
927 935 963 1000 dd
992 929 1031 1018 ἢν
1054 935 1140 1020 τρίτη
1149 947 1236 1004 Mod

50 1031 109 1112 τῆς
130 1026 260 1112 ἡμέρας.
302 1031 424 1106 εδθὲους
448 1031 483 1096 δὲ
506 1027 523 1094 ὅ
543 1031 693 1112 βασιλεδς
711 1036 768 1098 καί
787 1033 803 1098 o‘
823 1035 991 1109 Βασιλειος
1011 1033 1066 1099 ἐπί
1086 1032 1142 1116 τὴν

50 1127 147 1194 πόλιν
185 1128 394 1211 δπέστρεψαν.
452 1131 631 1214 ἐρχομένων
659 1135 695 1198 δὲ
723 1131 800 1199 κατὰ
829 1131 864 1197 τό
899 1130 1049 1216 ἐμπόριον
1086 1136 1142 1199 τοῦ

49 1227 193 1312 Ἀκρίτα,
213 1231 296 1292 λαοῦ
323 1231 443 1294 πολλοῦ
463 1235 657 1314 συνηγμένον
684 1233 765 1296 ideis
791 1227 846 1296 τόν
865 1232 1009 1314 βασιλέα,
1029 1224 1075 1307 εἷς
1096 1257 1143 1306 τις

10 1322 224 1406 ιθμσναχικόν
238 1329 346 1410 σχῆμα
367 1331 628 1412 περιβεβλημένος
647 1331 698 1415 ἐφ’
712 1327 835 1414 ὑψηλῆς
856 1333 971 1414 πέτρας
989 1328 1143 1414 ἐπεφώνει

48 1429 97 1511 sigi
116 1429 246 1505 βασιλεῖ
264 1425 378 1489 ιίκαλόν
396 1427 534 1504 ταξίδιον
561 1429 729 1512 ἐποίησας,
757 1421 783 1492 ιδ
814 1429 967 1512 βασιλεῦ’,
987 1427 1043 1494 τόν
1062 1427 1144 1494 ἴδιον

49 1527 188 1608 συγγενῆ
208 1527 263 1590 καί
277 1522 312 1589 ari
327 1528 474 1612 πατρῷον
487 1519 569 1606 αἷμα
581 1525 665 1612 Ιξίφει
684 1525 815 1594 α’νελιόν.
835 1523 981 1611 oduinus,
996 1531 1074 1593 ουάί
1082 1551 1143 1610 σοι,

49 1618 101 1688 ὅτι
122 1627 222 1689 ταῦτα
244 1626 425 1708 ἑποίησιις.”
464 1630 631 1707 θυμωθείς
656 1629 691 1690 δὲ
712 1624 728 1690 ό
750 1625 902 1710 βασιλεδς
923 1630 978 1692 κατ’
998 1626 1015 1690 ό
1037 1630 1141 1692 Βασί.

50 1731 136 1798 λειος
168 1725 394 1790 ἀποστέλλουσι
420 1729 632 1810 μαγγλαβίτην
661 1724 717 1790 τόν
749 1711 1030 1810 Μαυροθεόδυιρον
1055 1725 1141 1812 ξίφει

10 1815 178 1888 redueris
197 1822 251 1886 τόν
271 1822 422 1904 μοναχὸν.
472 1821 501 1888 οἱ
532 1827 568 1888 δὲ
597 1830 671 1888 λαοί
702 1826 950 1908 ε’πιδραμοδντες
970 1819 1066 1890 deuse
1087 1827 1172 1890 saie

51 1925 268 2003 δαιμονοῦντα
295 1918 395 1985 αὐτόν
424 1915 518 1986 εἶναι·
540 1921 595 1988 καί
615 1917 713 1998 οὕτως
739 1925 831 2004 μόλις
852 1929 998 2009 παρῆλθε
1015 1925 1072 2006 τήν
1095 1949 1142 1988 τι·

49 2021 189 2104 μωρίαν.
238 2019 300 2100 riuti
327 2021 362 2086 δὲ
393 2020 543 2111 σαββάτῳ
561 2027 616 2106 τῆς
644 2025 849 2107 πεντηκοστῆς
868 2025 1003 2110 ἐμήνυσε
1028 2016 1142 2112 (δαείην

49 2119 235 2206 πατριαρχη
258 2119 274 2184 ό
295 2118 447 2202 βασιλεδς
468 2118 522 2184 διδ
541 2119 1020 2212 Ῥευδακίουπρατοβεστιαριόυ
1040 2123 1140 2188 αὐτοῦ

51 2216 115 2304 τήν
137 2216 342 2302 ἀναγόρευσιν
370 2221 425 2303 τῆς
455 2220 620 2300 βασιλείας
646 2221 775 2304 ποιῆσαι
799 2223 990 2288 Βασιλείαν·
1031 2227 1087 2287 κατ’
1104 2225 1143 2310 τῇ

8 2325 43 2380 eo
52 2311 210 2404 ἐπαύριον
233 2320 365 2401 ἐξῆλθον
385 2314 443 2382 δύο
466 2319 566 2384 σελία.
599 2319 626 2384 οἱ
645 2321 681 2382 δὲ
700 2319 772 2383 λαοί
788 2318 1052 2408 διεταράχθησαν,
1076 2325 1143 2398 πῶς

51 2415 125 2492 ἑνὸς
152 2419 309 2498 βασιλέως
338 2409 424 2491 ὄντας
456 2417 516 2482 δύο
546 2420 636 2482 σελία
669 2420 812 2500 ἐξῆλθον.
853 2423 912 2484 τοῦ
933 2424 967 2484 δὲ
986 2423 1142 2502 βασιλέως

52 2519 263 2598 διερχομένου
283 2519 317 2580 ἐν
346 2521 384 2604 τῇ
410 2516 593 2602 προελεόσει
625 2510 757 2582 ὄπισθεν
778 2522 944 2592 Βασιλειος
965 2517 1142 2602 περιεπάτει

53 2621 165 2702 φορῶν
189 2613 425 2700 σκυραμάγγιον
457 2613 538 2700 μετὰ
558 2619 706 2700 σπαθίου,
736 2613 778 2692 ὥς
800 2614 874 2694 ε”θος
896 2621 1139 2703 παρακοιμοομὲ-

54 2885 141 2921 sarem
162 2876 304 2922 veneratus
323 2877 373 2932 est,
390 2877 419 2923 et
436 2887 517 2924 manu
541 2869 739 2941 apprehensum
757 2867 792 2920 ad
809 2869 997 2940 imperatorem
1017 2865 1139 2921 deduxit.

54 2943 154 2992 Caesar
174 2939 330 3023 imperatori
349 2939 469 2994 assidens
486 2939 556 2996 dixit
581 2942 717 2993 “exercitu
743 2948 839 2992 crinem
858 2942 909 2991 iarn
930 2941 1045 2992 collecto
1066 2939 1140 3004 iubs,

54 3011 185 3073 donum,
213 3027 244 3062 sn
262 3012 366 3064 Cretam
395 3013 588 3064 transfretari.''
636 3013 747 3064 Basilius
773 3027 835 3064 vero
863 3019 934 3062 retro
959 3019 1032 3062 stans
1050 3009 1140 3078 gladio

55 3085 140 3134 letum
159 3081 288 3150 impegit,
320 3091 427 3153 etpost
454 3099 517 3136 eum
537 3083 634 3153 reliqui
663 3083 802 3135 Caesarem
820 3081 981 3151 imperatore
1001 3089 1141 3152 spectante

55 3151 228 3206 membratim
245 3152 429 3206 conciderunt.
478 3163 536 3206 erut
555 3154 621 3206 hora
640 3152 694 3204 diei
712 3153 800 3206 tertis.
837 3153 926 3204 statim
945 3161 1034 3204 sutem
1052 3153 1141 3222 impe-

55 3233 132 3278 rator
150 3233 178 3276 et
195 3223 307 3276 Basilius
326 3225 355 3276 in
375 3223 466 3278 urbem
485 3225 594 3292 regressi
615 3232 686 3276 suut.
712 3233 740 3276 et
757 3223 789 3275 ml
808 3231 913 3294 portum
925 3226 1028 3275 eleritae
1047 3221 1142 3294 appel·

57 3295 189 3356 lentibus,
210 3295 301 3348 ellusls
320 3312 352 3346 ex
372 3296 437 3348 urbe
457 3295 561 3348 civibus
578 3297 744 3364 imperatoris
766 3294 873 3346 videndi
894 3294 1005 3364 cupidis,
1025 3294 1142 3345 nonnul-

56 3368 101 3418 lus
121 3367 269 3418 monastico
297 3365 393 3420 habitu
425 3364 538 3418 indutus
557 3385 572 3416 s
592 3365 699 3416 sublimi
718 3374 794 3435 petru
811 3365 846 3416 ad
863 3367 1050 3436 imperatorem
1069 3365 1142 3414 voci-

57 3437 198 3488 ferabatur
216 3437 399 3506 “praeclaram
418 3446 489 3490 certe
508 3435 708 3506 expeditionem
723 3437 872 3506 suscepisti,
891 3453 908 3487 u
921 3437 1074 3503 imperator,
1095 3434 1142 3504 qui

57 3507 165 3560 affinem
185 3505 236 3558 tibi
255 3509 427 3562 coniunctum
447 3515 476 3560 et
494 3515 635 3577 paternum
660 3507 816 3574 sanguinem
837 3503 927 3574 gladio
946 3504 1072 3558 etlmlisti.
1094 3520 1142 3554 vae

58 3579 119 3640 tibi,
140 3593 190 3630 vae
209 3577 268 3639 tibi,
287 3579 334 3647 qui
353 3577 404 3630 hoc
421 3579 559 3648 patrasti.”
595 3579 680 3629 iratus
701 3579 844 3646 imperator
858 3583 887 3628 st
906 3578 1019 3630 Basilius
1037 3574 1143 3626 cornill·

58 3666 121 3700 eum
140 3647 290 3720 principem
317 3649 428 3702 mittunt
458 3647 724 3711 Maurotheodorum,
750 3647 796 3716 qul
815 3647 973 3699 monachum
991 3645 1081 3712 gladio
1099 3645 1142 3696 iu.

58 3722 206 3772 terimeret.
252 3719 388 3774 consertus
415 3735 478 3772 uero
499 3719 615 3790 populus
641 3719 792 3770 dementem
816 3726 844 3767 et
861 3717 990 3785 agitatum
1012 3715 1142 3768 daemone

58 3789 261 3855 εοσσΙεατοοει,
280 3799 363 3860 atque
381 3791 418 3842 ita
434 3789 478 3842 vis
497 3807 610 3859 poenam
631 3790 732 3858 effugit.
777 3795 894 3840 ceterum
913 3786 1024 3838 sabbato
1046 3794 1142 3856 pente-

58 3870 148 3914 costes
165 3861 234 3911 eirca
251 3877 389 3930 vesperam
411 3859 505 3914 Plotio
524 3859 689 3930 patriarchae
715 3875 764 3928 per
782 3857 941 3910 ltendacium
961 3857 1141 3926 protovestia-

59 3935 129 3984 rium
146 3931 254 4000 imperii
274 3931 437 3984 consortium
457 3931 553 3982 Basilio
573 3932 681 3992 lactum,
704 3936 734 3980 ut
751 3945 840 3981 coram
861 3929 1020 3992 enuntiaret,
1040 3926 1142 3997 signifi·

60 4003 141 4056 sarit
183 4009 292 4070 postero
311 4001 356 4054 die
377 4003 460 4054 sellae
481 4000 550 4054 duae
574 4000 679 4052 delatae
698 4007 772 4052 suut:
797 4017 831 4070 po
853 4001 913 4050 ulus
931 4015 994 4052 vero
1015 3999 1064 4050 sub
1087 4015 1141 4052 uuo

60 4075 244 4144 imperatore,
272 4079 304 4125 ut
322 4069 391 4126 duee
408 4073 491 4126 sellas
509 4071 694 4132 deterrentur,
715 4018 883 4138 obstupedst.
920 4071 1078 4139 imperatore
1096 4086 1140 4122 εο-

59 4145 144 4198 lemni
175 4157 305 4216 proeessu
332 4142 536 4214 progrediente,
555 4142 683 4204 Basilius,
704 4148 734 4194 ut
750 4141 831 4194 moris
848 4139 1005 4206 accubituri,
1025 4140 1141 4194 breviori
