2762 4622
219 259 291 336 τνίι
371 287 379 304 ·
509 242 680 356 [anonis
708 232 994 346 ermanarici]

218 415 412 500 Στααρύκιος
434 420 596 502 λογοθέτης
619 415 673 480 καί
693 419 795 496 ἕτεροι
816 418 955 476 ττλείατοι
975 411 1040 474 rain
1057 411 1091 472 ἐν
1113 413 1205 494 τέλει,
1227 409 1308 474 οἵτι-

218 542 268 596 νες
288 519 410 597 δέσμιοι
431 521 506 600 παρ’
528 519 632 582 αὐτῶν
654 514 883 596 ἐκρατήθησαν.
924 507 1034 590 διόπερ
1058 509 1310 589 ἀναγκασθέντες

218 615 248 682 οἱ
269 619 325 699 τῆς
345 615 473 697 πόλεως,
506 619 561 680 καί
588 617 675 698 δῶρα
701 617 831 675 πλεῖστα
851 607 967 686 δόντες,
986 605 1212 689 ἀναλαβόμενοι
1235 611 1310 674 τού-

218 739 291 790 τους
312 711 438 798 εἰρήνην
455 713 621 799 ἐποίησαν,
651 714 706 776 καί
737 708 943 790 ἀνεχώρησαν
965 703 995 770 οἱ
1010 697 1158 788 Ἀραβες.
1201 710 1309 771 Σταυ-

218 812 326 896 ηύκιον
351 816 386 878 δὲ
407 805 927 897 λογοθέτηνδποστειλασαΕἰρήνη
948 804 1026 886 μετὰ
1047 805 1210 884 δυνάμεως
1229 812 1336 870 πολ-5

217 917 272 996 λῆς
294 911 369 976 κατὰ
392 911 668 994 τεόν,Σκλαβηνῶν
689 909 792 974 ε’θνῶν
813 902 946 983 ύπέταξε
965 905 1084 980 πάντας
1104 909 1159 968 καί
1177 905 1310 991 ύποφό.

218 1037 292 1097 ρονς
309 1015 435 1097 ἐποίησε
461 1014 497 1098 τῇ
515 1009 670 1098 βασιλείη.
720 1009 832 1090 ἐξῆλθε
854 1005 890 1068 δὲ
912 1002 967 1066 καί
986 1001 1002 1066 ό
1023 1001 1174 1085 βασιλεύς
1190 1002 1250 1070 σύν
1270 1007 1313 1092 τῇ

216 1115 316 1198 μητρί
334 1111 436 1176 oritoni
464 1113 498 1176 ἐν
519 1114 555 1196 τῇ
587 1107 696 1195 Θρηίκη
717 1108 783 1187 μετ’
807 1102 950 1186 ύρνύνων
975 1107 1134 1184 μουσικούν
1152 1107 1207 1168 καί
1227 1106 1313 1168 λαού

218 1213 374 1292 πλείστου,
395 1209 450 1276 καί
470 1210 615 1293 α’πῆλθον
636 1210 695 1281 ἕως
723 1208 877 1288 Βεροίας·
921 1201 976 1268 καί
993 1203 1111 1288 ταύτην
1132 1206 1268 1268 κτίσασα
1291 1201 1313 1287 ἧ

218 1309 320 1396 μήτηρ
350 1311 453 1375 oritoni
479 1307 708 1392 Είρηνούπολιν
735 1301 947 1383 ἐπωνόμασεν.
995 1298 1095 1368 ἔκτισε
1117 1305 1155 1368 δὲ
1177 1300 1232 1368 καί
1251 1301 1356 1388 κη’ντο

212 1411 394 1498 Ἀνχιλιλον,
418 1418 474 1474 καί
495 1407 672 1488 ὑπέστρεψε
691 1408 760 1486 μετ’
779 1397 986 1487 εύφροσύνης.

294 1512 330 1578 Ὁ
350 1511 386 1574 δέ
405 1533 441 1594 γε
460 1503 653 1590 πατριάρχης
666 1505 797 1578 Παῦλος
819 1497 1025 1586 ἀρρωστήσας
1039 1503 1094 1566 καί
1111 1505 1170 1584 την
1182 1503 1313 1566 ἐνθένδε

218 1605 413 1693 μετάστασιν
436 1602 538 1672 αύτού
558 1607 720 1688 προγνούς,
743 1601 799 1666 τόν
818 1599 934 1685 θρόνον
954 1601 1143 1682 καταλιπών,
1164 1595 1316 1668 οἷπελθιύν

222 1709 409 1792 ἀπεκείρατο
440 1709 474 1772 ἐν
508 1707 544 1791 τῇ
571 1705 651 1789 μονῇ
677 1704 739 1768 τῶν
759 1701 905 1786 Φλώραν.
959 1701 1132 1784 ἀπέρχεται
1153 1695 1211 1765 ούν
1231 1702 1316 1786 πρός

222 1805 321 1874 αύτόν
355 1803 372 1870 ό
400 1809 551 1886 βασιλεύς
583 1801 641 1866 σύν
665 1805 704 1888 τῇ
730 1805 829 1886 μητρί
852 1799 968 1882 αύτού,
986 1799 1173 1884 βουλόμενος
1193 1805 1315 1880 μαθεῖν
1328 1815 1359 1865 15

222 1909 279 1990 τῆς
300 1901 533 1986 ύποχιορὴσεως
563 1899 620 1986 την
643 1903 758 1970 αἰτίαν.
817 1900 834 1964 ό
863 1903 899 1965 δὲ
925 1897 1003 1982 μετὰ
1024 1902 1145 1964 πολλῶν
1166 1898 1317 1980 δακρύων

222 2003 286 2090 ἔφη
307 2001 393 2068 “etta
426 2007 505 2088 μηθ’
530 1995 611 2074 όλοις
638 1999 772 2066 ἐκάθισα
805 2005 839 2064 ἑν
866 2001 911 2087 τῷ
937 1995 1042 2087 θρόνῳ
1060 2001 1115 2082 τῆς
1134 1999 1316 2083 ἐκκλησίας,

224 2105 457 2186 οἷπεαχισμένης
485 2101 689 2182 ὑπαρχούσης
720 2101 754 2162 ἑκ
777 2103 839 2163 τῶν
867 2101 982 2164 λοιπῶν
1003 2096 1098 2181 ύγίων
1118 2097 1242 2181 θρόνων
1260 2097 1321 2162 καί

224 2203 565 2284 ύναθεματιζομὲνης.”
605 2203 707 2263 ταῦτα
726 2196 917 2272 ἀκούσαντες
932 2195 961 2262 oi
981 2203 1119 2278 βασιλεῖς
1139 2199 1217 2279 μετὰ
1237 2221 1319 2262 σκν-

225 2301 430 2386 θρονπύτητος
459 2305 514 2366 καί
542 2302 713 2386 κατηφείας
742 2297 963 2392 ἀνεχώρησαν·
1012 2299 1068 2362 καί
1089 2298 1318 2363 ἀποστέλλουσι
1328 2314 1361 2369 νο

226 2396 306 2484 πρός
326 2401 423 2464 αύτὸν
444 2405 628 2486 πατρικίους
640 2399 774 2463 ἀκούσαι
795 2397 833 2462 τό
844 2400 920 2478 παρ’
942 2396 1042 2460 oritoni
1060 2394 1216 2480 λεγόμενοι.
1237 2397 1322 2480 πρός

227 2495 284 2576 σός
306 2498 386 2580 μετὰ
409 2503 589 2584 παρρησίας
612 2501 645 2562 ἐν
666 2499 710 2584 τῷ
730 2501 812 2564 τέλει
834 2499 889 2580 τῆς
912 2498 1117 2571 διδασκαλίας
1137 2490 1224 2562 εἶπεν
1239 2497 1322 2562 “inin

228 2597 272 2682 μη
303 2599 437 2673 σύνοδος
466 2595 659 2679 οἰκοομενικη
689 2602 815 2680 γένηται
842 2597 898 2660 καί
924 2593 958 2660 τό
992 2593 1125 2680 σφάλμα
1152 2598 1322 2684 διορθωθῇ

174 2711 177 2718 ’
229 2702 284 2784 τῆς
308 2701 442 2772 πίστεως
473 2693 570 2780 ἡμῶν,
592 2699 650 2760 ούκ
671 2693 760 2779 ἔχετε
788 2699 974 2781 σατηριάν.”
1015 2691 1046 2758 οἱ
1067 2693 1195 2781 δὲτιρός
1216 2687 1322 2760 αύτόν

234 2913 283 2965 iile
299 2913 328 2965 in
343 2911 448 2964 vincola
467 2911 599 2978 coniecit;
618 2928 701 2982 quare
719 2929 801 2982 qnurn
833 2909 963 2982 oppidani
980 2913 1066 2966 coacti
1086 2911 1178 2965 multia
1195 2914 1323 2966 nuneri-

234 2983 286 3035 bur
305 2981 404 3034 oblatis
422 2984 483 3034 illoc
500 2993 704 3052 recuperassent
721 2992 749 3036 et
762 2999 854 3052 pacem
874 2983 1009 3047 fecissent,
1020 2982 1118 3036 arabe·
1140 2993 1322 3042 recurrerunt.

236 3053 403 3106 stauracium
432 3052 596 3120 logothetam
624 3071 681 3106 cnm
708 3055 808 3122 magnii
830 3055 915 3122 copiia
940 3065 1032 3107 contra
1059 3055 1201 3106 Sclarcnna
1227 3065 1324 3124 genter

238 3125 320 3186 mitit,
339 3139 485 3194 omnesque
510 3124 618 3190 subegit
647 3133 675 3176 et
690 3125 801 3194 imperio
827 3125 982 3178 tributarios
1010 3125 1082 3176 iecit.
1124 3124 1263 3195 profectur
1281 3135 1326 3178 eat

238 3197 319 3248 ctiam
338 3211 383 3244 rex
401 3212 459 3246 curn
478 3203 562 3246 matra
582 3203 610 3246 ea
627 3197 733 3246 muricia
752 3197 935 3250 instromentia
962 3211 1112 3266 magnaque
1131 3197 1225 3266 populi
1246 3206 1326 3266 parte

238 3269 267 3318 in
285 3263 426 3317 Thraciam
455 3275 482 3316 et
501 3281 585 3335 usque
615 3265 649 3318 ad
670 3269 794 3318 Beroeam
820 3267 959 3334 proccaait.
1000 3267 1070 3318 hanc
1098 3265 1223 3319 condidit
1238 3275 1330 3319 arator

238 3338 296 3388 eiua
315 3343 354 3458 atd
372 3335 529 3405 irenopoiin
557 3339 670 3390 vocavit.
715 3335 837 3389 condidit
853 3337 934 3390 etiam
953 3337 1112 3390 Anchialum
1131 3345 1160 3390 ct
1180 3353 1240 3389 cum
1259 3354 1329 3407 gau·

239 3406 286 3460 dio
307 3423 334 3456 re
357 3406 397 3458 iit.

310 3477 406 3529 Paulos
434 3477 583 3544 patriarcha
607 3476 700 3529 morbo
725 3479 835 3530 affector
858 3493 940 3548 qaum
966 3484 1078 3530 mortam
1109 3478 1331 3548 appropinquare

240 3547 355 3612 rideret,
376 3549 472 3598 aoiinnr
494 3549 606 3619 reliquit
623 3550 651 3599 in
671 3548 745 3598 Flori
765 3549 956 3600 monasterium
976 3551 1093 3610 receaait,
1111 3549 1159 3600 ubi
1177 3549 1267 3601 arinen
1288 3558 1332 3602 to·

241 3619 340 3672 tondit.
377 3617 412 3668 ad
432 3635 491 3670 enan
511 3636 555 3670 rex
572 3635 631 3670 curn
650 3627 732 3670 matre
753 3635 781 3668 re
803 3619 928 3681 contulit,
946 3627 977 3670 ut
995 3618 1137 3672 recedendi
1157 3635 1265 3671 canaam
1284 3636 1333 3672 co-

243 3695 391 3758 gnosceret.
429 3689 478 3740 itte
493 3693 605 3742 muitum
619 3689 758 3740 lacrimans
771 3689 907 3756 reapondit
924 3690 1044 3742 “utinam
1058 3707 1197 3758 nonquam
1217 3691 1332 3742 omnino

244 3761 374 3812 ecciesiae
392 3761 462 3812 colio
480 3760 637 3812 insedissent
657 3777 672 3810 a
692 3759 803 3828 reliquia
816 3760 894 3809 oacrio
907 3761 980 3810 aoiiia
999 3761 1105 3812 arulrae
1126 3769 1155 3811 et
1172 3773 1333 3814 excommn-

244 3831 376 3882 nicatae.”
413 3829 453 3881 hia
474 3829 574 3882 auditio
594 3847 667 3897 reges
684 3847 741 3880 com
761 3827 854 3880 dolore
872 3837 899 3880 et
918 3831 1027 3881 tristitia
1041 3829 1179 3884 redierunt
1196 3839 1225 3884 et
1244 3834 1334 3956 fatri-

245 3901 301 3950 cion
319 3899 354 3950 ad
373 3917 434 3950 eum
448 3902 586 3962 micarunt,
606 3901 652 3968 qui
671 3917 740 3970 quaa
759 3898 1068 3966 cliceratcognocoarant.
1104 3918 1164 3954 cunr
1184 3901 1226 3955 hia
1257 3904 1334 3955 ibere

246 3969 353 4020 locutor
372 3972 399 4022 in
418 3971 471 4020 iinc
490 3970 681 4022 admonitionis
703 3969 800 4030 “niaiss'
827 3969 924 4039 inquit.
944 3971 1162 4024 “oecumenicum
1185 3975 1335 4026 concilium

247 4037 286 4098 fit,
301 4047 330 4090 et
367 4049 485 4090 occatum
504 4041 567 4091 fidei
589 4049 697 4092 noctrae
716 4049 910 4107 comperiretur,
927 4041 1003 4092 naalia
1026 4051 1069 4093 ert
1084 4043 1163 4095 nobie
1181 4045 1281 4096 τελοτί*
1300 4043 1336 4094 ad

247 4107 321 4178 qood
335 4056 378 4158 ifii
398 4117 479 4174 “cur,
503 4111 638 4180 inquiunt,
657 4127 739 4179 quurn
762 4119 893 4174 crearent,
912 4111 1102 4182 subscripsisti,
1122 4131 1177 4166 non
1197 4123 1225 4167 te
1246 4131 1336 4168 racru
