2778 4616
446 263 814 338 CHRONOGRAPHIA.
833 271 845 308 '
1095 261 1168 332 281

95 419 158 507 “μη“
177 421 315 505 εέιέλδης
345 417 390 490 εἰς
421 414 459 480 τό
482 417 640 500 ιιαρόβια,
662 421 718 483 καὶ
736 419 896 506 κροιηδῇς
914 415 1000 502 παρό
1020 414 1167 502 Ἱμερέον.

93 523 114 586 ό
132 521 194 604 γὰρ
210 517 364 597 Σαμιονιῖς
384 511 525 600 δπέθηκε
559 519 600 604 spi
620 519 823 596 deodatensi
844 518 1043 606 κρανηόῆναό
1058 539 1094 584 σι
1113 515 1170 584 καὶ

91 615 294 705 τυφλωθῆναι
314 617 387 698 παρ’
408 615 537 682 αδιοό.”
584 613 683 680 πολλὰ
707 618 743 680 δὲ
761 619 1013 698 προτρεπομένου
1029 617 1166 702 Ἰμορέον

94 713 282 800 Arcipiratae
313 715 467 780 εἰσελθεῖν
496 716 530 778 ἐν
548 721 613 788 τοῖς
640 719 760 790 πλοίοις
780 713 860 796 μετὰ
891 719 954 780 seis
983 717 1208 803 Ἆγαρηνόνθο

68 815 298 892 triumuiros.
341 812 473 896 Ἱμέριος
503 815 538 878 δὲ
564 811 659 894 μόνος
689 816 724 878 έν
750 813 853 902 ἡμέρη
873 818 932 880 τοῦ
951 815 1043 899 δγόου
1064 819 1167 897 Θωμό

92 909 258 998 ουμραλιόν
278 907 413 992 πόλεμον
443 911 523 992 μετὰ
554 916 618 978 τοῖν
635 914 817 996 Ἀγαρηνιόν
837 912 973 999 μεγάλην
991 921 1079 997 νόκην
1100 919 1168 1001 εἰρ-

92 1017 213 1099 γᾰαιιο.
263 1013 355 1076 τοῦτο
374 1009 488 1092 pandi
506 1011 703 1094 Ἀνδρόνικος
729 1011 882 1096 α’πογνοδς
904 1010 972 1096 όμα
992 1019 1201 1100 συγγενέσινῐ)
1311 1056 1313 1064 ·

92 1109 187 1182 αδςνδ
207 1112 356 1176 α’πελθιόν
376 1108 546 1198 ἐκράτησεν
558 1109 695 1197 κόστρον
714 1111 772 1196 τήν
785 1111 971 1196 niteatur,
991 1115 1171 1188 εδςιιλιέυν

93 1209 283 1278 όπνοεασόαν
303 1209 419 1293 tttds,
439 1207 484 1286 nic
503 1211 600 1276 εἰπεῖν
619 1213 676 1276 καί
684 1211 839 1293 §apesin
859 1212 939 1294 πρός
959 1213 1014 1278 τόν
1036 1214 1171 1296 βασιλέα

52 1311 167 1377 10⁴⁴on
186 1307 312 1394 ἔλεγον,
344 1303 547 1394 detonare,
578 1309 734 1395 όνεόριην
761 1305 848 1376 εἶναί
870 1333 928 1403 σου
949 1309 1002 1376 τόν
1021 1311 1170 1390 Δοῦκα;”

93 1407 236 1493 aspendii
266 1410 445 1476 όπέσιειλεν
473 1409 490 1474 ό
518 1408 669 1490 βασιλεὺς
691 1395 859 1495 Τρηγσρδν
897 1413 1077 1492 δομέσεικον
1108 1409 1171 1474 τόν

92 1509 220 1592 egesar,
241 1505 293 1574 τόν
314 1509 476 1593 λεγόμενον
498 1511 678 1596 Ὶβηρόοζην,
706 1509 926 1594 συμπινδερόν
946 1503 1020 1574 ὅντα
1040 1511 1171 1594 Ἀνδρο-

90 1608 189 1685 esisen,
211 1612 465 1696 καταπολεμῆσαι
491 1605 605 1674 αόεόν.·
652 1606 768 1691 μαδιόν
797 1611 833 1674 δέ
851 1613 945 1674 τοῦτο
965 1609 1169 1694 Ἀνδρόνικος,

91 1708 144 1774 aas*
163 1707 207 1784 ιός
227 1706 245 1773 δ
264 1707 465 1794 πατριάρχης
474 1705 631 1784 Νικόλαος
649 1709 704 1790 τῆς
716 1709 881 1791 ἐκκλησίας
899 1703 1048 1792 έξεοόσθη,
1070 1709 1268 1794 προσ-Μαί

51 1808 206 1895 λῡέφυγεν
233 1815 299 1883 soit
327 1807 510 1892 Ἅγαρηνοῐς
538 1803 604 1888 dne
633 1815 699 1882 τοῖς
726 1811 889 1892 συγγενέσι
906 1809 963 1874 καί
979 1812 1098 1884 τέκνοις
1118 1814 1174 1876 και·

88 1917 154 1984 τοῖς
174 1911 287 1995 priore,
308 1907 509 1992 έξεληλυθόσι
531 1905 597 1974 so'ra
617 1907 695 1972 καιό
716 1905 893 1989 Ῥωμαίων.
936 1908 991 1974 καί
1010 1907 1172 1994 ὑπεδέχθη

88 2004 174 2092 nupsi
197 2011 242 2094 τηῑ
273 2008 457 2094 δμερσυμνῇ
480 2009 737 2090 μεγαλοπρεπῶς.
787 2011 932 2076 έλυπεῖοο
963 2011 998 2072 δὲ
1025 2011 1120 2074 Λέων
1152 2007 1173 2072 o‘

86 2105 239 2189 βασιλεός
260 2104 314 2170 διό
336 2107 391 2172 τόν
409 2106 616 2188 Ἀνδρόνικον,
649 2104 705 2172 καί
721 2105 870 2183 πολλάκις
891 2103 1074 2190 ἐβουλεύετο
1095 2107 1173 2170 duo-

87 2211 212 2272 στεῖλαι
236 2202 333 2270 αόιόν
362 2201 452 2288 λόγον
481 2201 757 2292 έυυπόγραφοκ,ό
788 2207 843 2271 καί
866 2204 1021 2293 Θεόφιλος
1042 2201 1095 2270 διό
1115 2205 1172 2272 τόν

46 2303 251 2385 έθΜανουηλ
280 2302 436 2390 έποόησευ.
494 2303 776 2386 συνεβουλεύσαντο
808 2307 844 2371 δέ
872 2327 951 2380 τινες
974 2307 1016 2390 spi
1043 2307 1175 2386 βασιλεῖ

89 2405 363 2488 φιλοφρονηδῆνσί
386 2429 458 2470 τινα
488 2407 548 2470 τόν
590 2406 648 2468 soii
675 2405 867 2486 npassmps'oo
897 2403 1086 2488 Σαρακηνιδν
1115 2401 1171 2468 sus*

87 2505 304 2588 ἀποσταλῆναι
327 2505 362 2570 ἐν
380 2503 480 2593 Συρίη
508 2499 586 2586 μεεό
619 2503 713 2586 λόγου
742 2503 972 2590 ένυπογρόφου.
1012 2503 1103 2567 rosim
1127 2500 1167 2585 dri

90 2791 169 2844 stiam
187 2790 294 2854 inferre,
316 2807 348 2842 ex
366 2807 420 2861 qus
438 2791 526 2858 iugum
544 2790 602 2860 ipse
622 2789 783 2858 arripuerat,
811 2785 998 2839 meditabatur.
1034 2783 1166 2852 suggessit

90 2871 180 2913 autem
198 2862 301 2914 cuidam
321 2863 368 2932 qui
389 2859 515 2912 scriberet
528 2861 679 2913 Andronico
699 2865 802 2911 recreta
823 2865 876 2908 “ne
897 2873 976 2909 nares
996 2855 1165 2924 ingrediaris,

89 2949 125 2984 ne
143 2933 211 2984 sorte
229 2934 340 3002 capiaris
358 2932 391 2984 ab
412 2931 539 2983 Himerio.
575 2931 704 2982 Samouas
728 2932 798 2981 enim
815 2929 946 2996 suggessit
963 2927 1117 2998 imperatori
1136 2934 1166 2980 ut

89 3003 125 3054 ab
147 3021 179 3053 eo
199 3001 405 3074 comprehensus
422 3001 515 3054 oculos
538 3001 695 3053 amitteres.'’
731 3000 849 3052 Himerio
867 2997 965 3050 exinde
983 2997 1165 3050 Andronicum

87 3073 211 3144 pluribus
238 3073 399 3126 adhortante
425 3083 457 3126 nt
475 3073 565 3125 classis
592 3072 697 3124 adesset
713 3087 802 3123 cornea
832 3078 937 3122 etcum
965 3069 1091 3138 Agarenis
1110 3069 1164 3118 ium

89 3145 289 3196 imminentibus
309 3144 472 3207 decertaret,
492 3159 547 3196 non
565 3143 680 3194 admisit.
726 3141 858 3194 iiimoeius
879 3141 962 3209 igitur
979 3139 1051 3191 seius
1072 3137 1116 3190 die
1134 3137 1162 3190 S.

88 3217 224 3278 Thamar,
252 3217 321 3268 inito
344 3233 402 3268 curn
422 3217 549 3283 Agerenis
567 3215 685 3284 praetio,
713 3227 834 3280 magnam
853 3212 1001 3283 reportavit
1016 3209 1163 3262 victoriam.

90 3305 144 3356 qno
161 3286 253 3338 audito
272 3289 301 3338 in
321 3287 533 3358 desperationem
557 3283 687 3336 adductus
706 3283 881 3345 Andronicus,
902 3283 931 3333 in
949 3289 1092 3333 extremam
1112 3279 1164 3330 de·

85 3359 232 3410 sectionem
251 3359 454 3430 praecipitatus,
483 3357 686 3425 consanguineis
713 3355 802 3422 fugam
828 3353 1019 3405 comitantibus
1048 3359 1162 3404 castrum

83 3428 232 3480 Cabbainm
250 3431 403 3499 occeperim
421 3445 454 3480 ex
472 3445 526 3500 quo
538 3430 665 3480 Samonas
685 3426 837 3494 imperatori
855 3422 1054 3494 improperabat
1070 3430 1162 3472 “uon-

83 3517 121 3552 πο
139 3499 332 3570 praedixeram,
353 3499 471 3562 domine,
493 3501 587 3551 ducem
608 3496 745 3549 adversum
770 3504 797 3546 te
814 3494 989 3546 rebellionem
1006 3491 1162 3544 meditent·

84 3571 177 3622 statim
195 3586 258 3638 ergo
274 3573 348 3622 misit
367 3571 512 3638 imperator
527 3571 673 3637 Gregoram
692 3565 842 3619 scholarum
859 3564 1043 3626 domesticum,
1061 3576 1163 3630 coguo-

83 3651 179 3692 mento
201 3641 372 3704 iliberitano,
390 3640 535 3694 Andronici
554 3654 741 3700 consocerum,
766 3645 797 3688 ut
815 3652 875 3686 eum
895 3634 1053 3686 debellaret.
1072 3630 1163 3702 ·quod

85 3727 146 3763 cum
157 3711 295 3764 didicisset
305 3711 477 3775 Andronicus,
495 3711 670 3764 etNicolnum
684 3705 860 3779 patriarcham
877 3705 910 3755 sb
927 3705 1039 3756 ecelesia
1056 3703 1163 3772 puisum

85 3798 154 3844 esse,
173 3800 226 3832 una
240 3799 298 3834 cum
316 3781 437 3834 sssinibus
454 3791 482 3834 et
498 3783 568 3834 ustis
581 3791 610 3833 et
622 3779 713 3831 amicis
723 3777 846 3830 fortunae
865 3775 1007 3827 comitibus
1017 3772 1051 3824 nd
1064 3775 1163 3840 Agara-

83 3869 137 3906 σοι
157 3855 292 3922 confugit,
314 3855 360 3924 qui
385 3861 442 3906 tum
461 3854 585 3906 adsersus
606 3854 738 3904 Romanos
763 3854 910 3910 moverant,
928 3855 957 3898 et
972 3845 1111 3913 magnifice
1127 3844 1163 3896 ab

84 3941 239 3976 amerurnne
259 3935 396 3994 susceptus
415 3933 464 3976 est.
499 3923 644 3976 Andronici
659 3937 721 3972 sero
739 3935 818 3970 ceusu
836 3917 994 3970 tristabatur
1009 3917 1163 3984 imperator,

85 4004 115 4045 et
132 3995 228 4046 iibeiio
253 3994 450 4065 subscriptione
475 3997 583 4064 propria
610 3993 715 4043 munito
734 3998 765 4041 ut
787 3989 922 4041 hominem
942 3995 1085 4050 revocaret,
1108 3986 1163 4038 fre-

84 4073 202 4134 quenter
220 4067 363 4118 meditatus
392 4069 487 4118 iuerat.
526 4063 695 4133 'i'heupiriius
711 4069 801 4112 autem
821 4077 870 4130 per
886 4061 1057 4111 Ernanueiem
1075 4057 1165 4110 effecit

82 4161 98 4192 ι
115 4161 128 4190 r
145 4163 176 4192 ι.
213 4137 391 4192 consulebant
411 4145 501 4192 sutem
523 4133 632 4211 quidam
649 4133 803 4208 inperatori
823 4140 854 4187 ut
874 4131 1065 4190 Saracenorum
1082 4143 1163 4202 pras·
