2756 4620
183 238 255 312 τοο
483 212 652 329 [morus
680 217 969 330 ommramm]

183 418 277 496 στέα,
306 411 324 477 ό
351 403 469 498 ἤρξατο
495 414 610 490 κτίζειν
630 411 831 488 ’Λναοτόσιυς
852 411 870 474 ὅ
894 407 1056 493 βασιλεύς.
1105 413 1186 498 ἥδέ
1206 412 1295 480 ’Av-

183 513 307 598 τιόχεια
326 515 470 597 σειομένη
493 513 551 574 οόκ
572 509 724 596 ἐπαύετο,
743 513 841 594 μέχρι
871 503 910 574 οὗ
931 509 1033 598 ἐφάνη
1054 515 1203 594 θεοσεβεῖ
1223 518 1296 578 α’ν-

185 613 305 702 θρτόπῳ
322 609 500 696 έπιγράψαι
517 611 562 686 είς
575 609 614 676 τά
634 607 803 696 όπὲρθνρα
816 613 879 676 τῶν
894 613 998 698 φλιάν
1021 609 1184 693 “Χριστός
1203 618 1296 694 μεθ’

188 712 299 798 ἡμων·
321 712 443 796 orire?
465 708 520 774 καὶ
540 712 654 775 τούτου
676 712 858 792 γενομένου,
871 707 946 796 έστη
971 711 992 795 ἦ
1013 709 1090 797 όργη
1110 715 1169 776 τοό
1189 717 1293 799 θεοῦ,

190 812 244 878 καί
265 810 370 876 ἔκτοτε
391 806 410 893 ἦ
431 811 523 886 πόλις
542 809 717 893 ὠνομάσθη
741 806 926 886 Θεοόπολις.
1302 822 1325 874 5

271 917 337 984 Ἐπί
368 917 468 982 αότοό
487 918 592 1001 γέγονε
621 918 771 1002 δημοτικὴ
795 919 961 1004 α’νταρσία,
988 917 1115 1004 κοίτην
1133 943 1166 986 τε
1187 919 1295 1003 άγίαν

191 1021 314 1105 Σοφίαν
335 1018 390 1082 καί
408 1015 463 1082 τόν
484 1019 541 1082 τοῦ
562 1013 652 1082 όσίου
667 1015 791 1100 §apud
814 1012 898 1083 οἶκον
918 1017 998 1102 μετά
1021 1023 1084 1084 τῶν
1105 1021 1293 1105 α’ρραόστων

191 1119 246 1184 καί
265 1117 320 1202 τὴν
353 1117 475 1198 εἴσοδον
504 1120 561 1184 rosi
597 1121 755 1181 παλατίου
785 1116 843 1200 τὴν
861 1115 1081 1204 χυλκόστεγον,
1100 1119 1158 1206 τὴν
1180 1118 1294 1186 ἔκτοτε

192 1222 248 1283 καί
266 1223 321 1283 νῦν
334 1221 456 1300 χαλκῆν
475 1221 789 1302 προσαγορευομένην
810 1217 864 1281 διὰ
888 1217 924 1282 τό
945 1220 979 1283 έκ
991 1225 1117 1302 χαλκῶν
1137 1221 1293 1306 κεράμων

193 1317 443 1403 κεχρυσωμένων
464 1317 656 1400 ἐπερέσθαι
675 1313 787 1402 ου’τήν,
808 1315 863 1381 καί
881 1315 954 1392 τούς
974 1317 1031 1382 δόο
1052 1318 1208 1401 ἐμβόλους
1228 1322 1291 1401 με’·
1305 1340 1345 1393 10

191 1441 249 1502 χρυ
271 1421 326 1481 rosi
362 1414 468 1502 φόρου
499 1419 715 1496 κατέκαυσαν,
736 1417 792 1479 καί
808 1415 1028 1482 Ἰουοτινιανόν
1047 1420 1182 1500 βασιλέα
1202 1411 1293 1484 άνα-

194 1515 417 1598 θεματίζοντες
437 1511 620 1602 έφόβριζον,
636 1511 785 1578 Ὑπάτιον
802 1515 838 1579 δέ
858 1519 1020 1600 πατρίκιοι
1039 1515 1232 1606 εὐφήμησαν
1254 1522 1293 1584 έν

195 1619 239 1706 τῷ
260 1615 434 1695 καθίσματι
454 1615 644 1695 στέψαντες·
696 1607 767 1697 ἥτις
786 1613 943 1699 α’νταρσία
963 1612 1091 1702 ἐπαύθη
1112 1615 1165 1682 διά
1190 1621 1293 1682 Βελι.

196 1719 311 1800 σαρίου
334 1715 389 1778 καί
409 1712 566 1779 Μοόνόου
589 1711 645 1778 καί
665 1715 792 1800 Ναρσῆ,
813 1711 989 1780 α’νελόντων
1008 1719 1174 1802 τρίοκοντα
1196 1719 1292 1784 πέντε

198 1811 345 1898 χιλιάδας
364 1817 419 1879 καί
445 1811 544 1878 αότόν
561 1807 709 1878 Ὑπάτιον
738 1815 772 1879 όν
804 1817 850 1902 τῷ
871 1811 1070 1904 ἱπποδρόμῳ.
1113 1811 1291 1882 ἀνεκαίνισε
1303 1834 1343 1887 15

200 1917 236 1980 δέ
265 1917 299 1978 εἰι
320 1913 478 1996 θεμελίων
510 1909 770 1990 όἸουστινιανός
799 1913 858 1996 την
885 1919 944 1980 τοῦ
972 1917 1054 1980 θεοῦ
1077 1913 1219 2002 μεγάλην
1238 1917 1293 1981 έκ-

200 2017 339 2100 κληοίαν.
1105 2027 1107 2032 “

280 2130 395 2198 ’ἰστέον
426 2131 462 2196 δέ
497 2123 548 2194 ότι
575 2133 620 2220 api
646 2127 901 2220 έξακισχιλιοστρῖ
928 2125 959 2212 μ’
981 2126 1045 2195 tro
1081 2129 1143 2196 άπὸ
1163 2133 1294 2210 κτίσεως

202 2231 331 2316 κοσμοό,
352 2231 545 2305 ίνδικτιῶνος
565 2233 611 2311 ιε’,
634 2225 701 2318 cipp
717 2227 823 2318 πρώτη
844 2233 900 2314 τῆς
921 2229 1052 2316 ἡμέρας,
1073 2233 1132 2296 τοῦ
1143 2235 1294 2314 Φεβρυα.

201 2331 273 2413 ρίου
296 2329 395 2416 μηνός
414 2333 537 2414 εἰκοστῇ
550 2329 586 2412 γ’,
608 2327 663 2395 τόν
683 2333 740 2415 τῆς
758 2333 905 2414 μεγίστης
925 2333 1089 2416 ἐκκλησίας
1110 2329 1341 2414 α’νοικιπμόν20

202 2425 316 2516 ἤρξατο
335 2439 435 2496 ποιεῖν
456 2423 709 2505 όἸοοοτινιανός
728 2433 774 2504 εἷς
795 2433 907 2506 κάλλος
926 2433 982 2496 καί
999 2433 1132 2514 μέγεθος
1154 2427 1233 2513 όπέρ
1253 2429 1291 2495 τό

203 2529 365 2617 πρότερον,
386 2527 553 2616 παραέοός
565 2529 621 2594 καί
639 2529 795 2614 τροπάρια
816 2529 900 2616 αὐτῇ
912 2527 969 2593 ὑπ’
988 2531 1087 2595 orituri
1106 2533 1293 2612 μελισθέντα

203 2625 386 2712 Ψάλλεσθαι
414 2627 452 2694 “o‘
476 2627 645 2713 μονογενής
672 2625 742 2705 υἱός
774 2629 831 2694 καί
849 2627 940 2713 λόγος
969 2630 1027 2694 τοῦ
1046 2631 1155 2696 θεοό.”
1210 2626 1290 2694 άλλά

208 2939 275 2984 tum.
311 2930 469 2984 Antiochiae
481 2939 570 2984 autem
588 2939 777 2985 terraemotus
790 2949 847 2985 uon
864 2934 938 3004 prius
954 2933 1075 2997 cessavit,
1093 2949 1173 3004 quam
1191 2931 1290 2986 homiui

208 3003 255 3074 pio
273 2999 403 3055 divinitus
421 3003 578 3055 nunciatum
597 3011 648 3068 est,
667 3013 698 3056 ut
714 3004 844 3056 scriberet
861 3021 941 3076 super
957 3011 1048 3074 postes
1067 3013 1179 3075 portas:
1195 3005 1291 3056 “Chri-

209 3081 267 3126 stus
284 3073 431 3138 nobiscum,
449 3075 614 3126 consistits.”
650 3092 705 3146 quo
727 3075 796 3128 iacto
817 3075 858 3127 ira
879 3073 924 3129 dei
943 3074 1067 3129 consedit
1084 3083 1113 3128 st
1129 3074 1193 3128 iudo
1211 3091 1243 3128 ετ
1258 3091 1290 3128 so

209 3152 332 3214 temporo
350 3145 414 3197 urbs
433 3149 571 3198 nominata
589 3153 632 3198 est
649 3146 806 3216 Theopolit

280 3215 319 3267 Eo
339 3225 468 3284 regnanto
485 3215 584 3269 seditio
602 3217 698 3288 popuii
716 3227 775 3269 orta
797 3223 846 3280 est,
865 3224 893 3268 et
908 3223 1026 3270 sanctam
1045 3213 1173 3286 Sophiam
1192 3223 1219 3268 et
1232 3232 1292 3268 ssa-

211 3286 248 3338 cti
269 3285 379 3355 Sampso
407 3287 502 3338 domus
531 3305 591 3338 cum
616 3289 728 3340 iaiirmis
749 3295 778 3340 ct
796 3287 892 3358 psistii
919 3287 1021 3340 aditum
1039 3303 1100 3338 aere
1120 3295 1229 3350 tectum,
1245 3289 1291 3358 qui

211 3355 276 3408 inde
290 3355 378 3412 adhuc
388 3357 507 3410 aheneus
519 3357 627 3423 dicitur,
646 3368 741 3430 utpote
760 3367 858 3412 stratus
877 3359 976 3425 tegulis
990 3357 1100 3410 alreueis
1119 3358 1245 3410 inauratis
1264 3366 1291 3410 et

210 3427 277 3480 bina
294 3436 381 3480 rostra
398 3445 483 3500 usque
502 3427 537 3480 sd
563 3429 650 3482 iorum
670 3429 874 3482 combusserunt
898 3439 926 3482 et
943 3429 1121 3482 Iustiniauum
1142 3445 1228 3496 regem
1245 3444 1291 3480 ex·

211 3499 436 3552 communicatum
455 3501 525 3552 male
545 3507 701 3563 tractarunt,
719 3501 863 3571 Hypatium
883 3499 1025 3571 patricium
1045 3517 1133 3568 regem
1147 3500 1292 3552 salutarunt

212 3573 319 3623 coronis
345 3571 374 3622 in
397 3573 467 3623 solio
495 3581 631 3624 ornantes.
667 3589 777 3642 opressa
803 3580 845 3623 est
870 3571 968 3624 seditio
995 3571 1176 3634 sBeiisario,
1196 3569 1291 3622 Mundo

213 3651 241 3694 et
258 3643 371 3696 Nassete
389 3643 498 3710 triginta
516 3645 636 3714 quinquo
660 3643 781 3695 millibus
807 3641 947 3694 hominum
965 3660 1025 3694 cum
1045 3645 1104 3714 ipso
1126 3639 1239 3712 Hypatio
1264 3643 1292 3694 in

213 3713 283 3834 οἷπερ
300 3713 460 3766 interiectis.
496 3715 615 3766 restituit
631 3731 664 3766 ex
682 3713 858 3768 fundamento
875 3714 1040 3768 iustinianus
1057 3729 1178 3782 maguam
1198 3711 1239 3766 dei
1251 3729 1291 3766 et·

213 3798 227 3834 c
241 3797 332 3838 esiam.

284 3868 426 3922 Sciendum
446 3877 495 3932 est,
513 3887 584 3924 anuo
601 3867 671 3926 6040
692 3887 708 3924 a
726 3879 817 3926 creato
844 3871 955 3936 mundo,
977 3869 1136 3924 indictionis
1154 3871 1197 3934 15,
1215 3869 1292 3941 prima

214 3935 281 3990 hora
302 3938 356 3992 diei
374 3941 401 3992 d.
425 3941 460 3994 23
479 3941 617 3994 Februarii
643 3943 821 3994 iustinianum
839 3943 971 4012 incepisse
999 3943 1199 3997 sustitutionem
1214 3944 1291 3996 mari·

215 4025 276 4060 mse
296 4011 436 4076 ecclesiae,
455 4013 493 4064 ita
520 4021 551 4064 ut
570 4011 771 4082 pulchritudino
796 4023 824 4066 et
840 4011 1025 4082 maguitudino
1074 4014 1169 4066 riorem
1190 4031 1290 4084 supers-

216 4087 272 4148 ret;
291 4093 519 4154 eorumquoque
538 4101 553 4136 a
572 4099 601 4150 τε
612 4085 791 4154 compositum
814 4083 927 4138 tradidit
945 4032 1107 4140 sautauddrm
1126 4085 1290 4156 “unigenitus
