2736 4624
195 245 245 322 44
497 229 664 344 [tuoms
695 233 978 346 naturatum]

193 407 332 494 στήσας,
353 405 389 475 δν
417 411 472 475 καί
505 413 652 476 Σεδεκίαν
682 409 913 495 μετωνόμασε,
935 413 990 476 δαί
1010 413 1066 493 τὴς
1086 409 1201 483 οίκείας
1225 410 1296 492 γῆς

193 514 266 590 μεθ’
286 511 422 593 ἡσυχίας
451 510 555 590 μένειν
576 513 704 589 ἐδίδου,
730 508 934 591 κομιζόμενος
965 503 1108 572 ἀπὸτοῦ
1131 509 1294 572 Σεδεκίαν

195 607 254 683 τὰς
277 610 421 690 ἐτησίους
442 608 617 695 ἀποφοράς.
668 613 716 674 ἐπ’
737 611 828 674 ἐννέα
856 611 915 688 μὲν
935 605 990 691 ἔτη
1011 603 1126 672 τούτου
1146 604 1186 670 τύ
1207 610 1291 692 τέλη

193 708 455 787 παραπέμποντος
474 706 634 791 ἡσύχασεν
654 707 673 772 δ
693 709 838 790 Ἰσραήλ·
887 705 966 771 κατὰ
989 709 1025 770 δὲ
1045 711 1152 772 τούτου
1179 706 1196 769 ὅ
1219 709 1292 770 Σε-

195 809 300 880 δεκίας
321 804 375 870 τὸν
396 805 540 870 ἐνιαυτὸν
560 807 706 890 α’ποστύς,
728 806 782 870 καί
801 801 886 894 πάσῃ
905 804 958 870 τὸν
978 803 1051 870 θεὸν
1073 806 1127 868 κατ’
1146 803 1198 870 τὸν
1218 809 1287 888 βοι-
1301 820 1330 872 5

195 907 285 970 oilla
305 903 594 988 παραλογισάμενος
609 906 821 994 α’γνωμασύνγ,
843 907 991 991 παρορμᾷ
1003 903 1096 970 πάλιν
1115 904 1194 970 κστύ
1217 911 1290 970 ταῖν

190 1003 416 1086 Ἱεροσολύμων
437 1003 492 1070 τὸν
514 1006 809 1088 Ναβουχοδονόσορ.
852 1001 868 1070 ὃ
893 1006 928 1068 δὲ
950 1003 1007 1087 τὴν
1031 1003 1121 1068 πόλιν
1142 1007 1286 1092 δευτέρῳ

193 1107 369 1187 πολιορκῶν
398 1101 462 1169 ἔτει
486 1109 673 1187 χειροῦται,
704 1104 759 1168 καί
785 1104 839 1169 τὸν
872 1102 949 1169 ναὸν
970 1105 1129 1192 ἐμπιπρᾷ,
1148 1103 1204 1166 καί
1222 1106 1289 1167 τοῦ

193 1207 341 1268 Σεδεκίου
363 1206 432 1268 κατ’
451 1196 526 1285 ὄψιν
545 1204 649 1268 ἀνεῖλε
670 1201 745 1277 τούς
765 1207 891 1284 παῖδας,
915 1203 1054 1268 κδκεΐνον
1076 1202 1287 1288 ε’κτυφλιύαας

193 1307 249 1368 καί
266 1305 377 1376 πέδαις
397 1301 574 1385 περιβαλών
595 1299 663 1383 ἅμα
689 1306 784 1368 παντί
803 1307 846 1391 spi
868 1307 932 1390 λαῷ
953 1302 1083 1384 κατάγει
1103 1302 1147 1376 εἰς
1168 1305 1285 1383 Βαβυ·
1300 1317 1351 1371 10

193 1405 285 1484 loica,
300 1404 330 1464 Γ
328 1406 417 1466 ολίαν
438 1406 502 1466 τῶν
521 1403 692 1466 ἐπιλοίπων
713 1399 849 1488 ἡγεμόνα
870 1400 1074 1486 καταστήσας,
1095 1399 1166 1464 υἱὸν
1183 1400 1285 1483 Ἀχι-

176 1503 258 1566 ·κα’ν.
302 1503 470 1565 καὶτοῦτο
498 1503 556 1582 μὲν
588 1498 617 1565 οἱ
646 1503 778 1566 δυνατοί
807 1505 872 1566 ταῖν
892 1501 1009 1564 αύτύθι
1030 1505 1204 1584 κατέλιπον,
1224 1503 1286 1564 καί

191 1598 346 1673 ἀνελόντες
367 1597 591 1682 ἀναχωροῦσι,
622 1597 760 1676 δεδιότες
788 1597 862 1674 τούς
881 1601 1075 1680 Χαλδαίους,
1096 1595 1284 1680 α’πύραντες

189 1703 235 1773 είς
253 1697 423 1782 Αἴγυπτον,
445 1695 523 1762 ἔνθα
544 1701 615 1780 μετ’
636 1693 672 1762 ού
694 1697 772 1762 πολύ
794 1698 1045 1786 διαφθείρονται,
1068 1701 1205 1784 ζηλωταί
1224 1701 1283 1782 τῆς

189 1797 408 1881 Αἰγυπτιακῆς
428 1795 588 1880 γενόμενοι
609 1799 866 1878 δεισιδαιμονίας.
1295 1821 1340 1874 15

269 1895 417 1972 Σεδεκίας
436 1900 471 1961 δὲ
494 1894 646 1982 ἀπάγεται
667 1895 704 1962 τύ
729 1899 832 1960 πάντα
852 1896 1044 1977 βασιλεύσας
1065 1891 1117 1979 ε’ἐὴ
1141 1895 1194 1958 ια’.
1239 1885 1282 1978 ἡν

188 1988 357 2078 ύρχιερεύς
379 1999 430 2061 ἐπ’
452 1997 552 2059 αύτού
573 1998 693 2078 Ἀρίας,
713 1997 769 2059 καί
787 1997 1002 2082 προεφήτευον
1021 1997 1055 2059 ἑν
1066 1997 1125 2075 μὲν
1144 1997 1179 2080 τῇ
1201 1995 1282 2058 ’1ου-

188 2097 264 2180 δαίᾳ
278 2090 433 2176 Ἱερεμίας
454 2096 486 2159 ἐν
508 2097 543 2160 δὲ
564 2096 602 2182 τῇ
624 2097 796 2174 Βαβυλῶνι
816 2094 956 2178 Δανιὴλ·
983 2091 1063 2158 κατὰ
1089 2097 1124 2157 δὲ
1144 2092 1177 2157 τύ
1203 2092 1281 2157 δεύ-

188 2219 280 2279 τερον
300 2199 356 2276 τῆς
377 2196 598 2276 αἰχμαλωσίας
618 2193 673 2257 καί
692 2197 747 2276 τῆς
760 2196 907 2257 Σεδεκίου
923 2196 1086 2276 βασιλείας
1109 2189 1176 2268 ἔτος
1196 2191 1279 2274 ἐμὴ.

188 2298 264 2358 νοσέ
284 2317 315 2358 τε
337 2297 393 2359 κατ’
410 2295 543 2378 διέκρινε
566 2292 601 2358 τύ
626 2293 772 2358 ἐνύπνιον
800 2297 845 2380 τῷ
864 2291 1156 2377 Ναβουχοδυνδσυρ.
1199 2291 1217 2355 ri
1240 2295 1335 2369 diuo

183 2388 334 2474 ’ἱεζεκιὴλ
353 2390 433 2457 κατύ
463 2390 499 2456 τύ
521 2394 660 2473 πέμπτον
690 2394 794 2458 αύτοῖν
815 2389 885 2466 ἔτος
903 2389 1126 2478 προεφήτενεν.
1168 2388 1279 2457 ἔπειτα

188 2493 379 2576 προφητεύει
399 2493 518 2572 Ναούμ
537 2495 592 2556 καί
611 2495 796 2574 Μαλαχίαςι
837 2494 895 2556 τοῦ
906 2490 1054 2555 Σεδεκίαν
1075 2489 1281 2572 τελευτῆσαν.

189 2611 243 2664 τος
256 2593 290 2654 δν
309 2593 481 2673 Βαβυλῶνι
493 2591 537 2666 εἰς
549 2590 605 2655 τύν
624 2593 785 2656 ἐπίλοιπον
805 2595 859 2678 τὴς
880 2587 1181 2674 ἓβδομηκονταετιλις
1197 2589 1278 2672 χρό-

190 2711 253 2772 νον,
273 2687 354 2771 μετύ
374 2687 483 2755 ἕνδεκα
504 2687 557 2776 ἔτη
578 2690 631 2775 τὴς
649 2691 708 2755 τού
734 2693 879 2755 Σεδεκίαν
902 2691 1066 2772 βασιλείας
1088 2681 1225 2776 ἤρξαντο
1247 2685 1278 2754 οἱ

263 2873 288 2925 1.
306 2874 522 2948 κατωνόμασεῦ
593 2875 635 2928 12.
656 2874 771 2933 τοῦτονί
843 2873 1023 2935 stolone
1092 2873 1136 2928 20.
1153 2877 1193 2946 ss]
1213 2873 1276 2930 dlC

193 3059 267 3096 susm
287 3051 384 3096 terram
393 3045 551 3110 incolerent,
569 3061 658 3097 annua
670 3046 772 3098 tributa
783 3043 921 3096 aScdclia
929 3045 1073 3114 accipiens.
1085 3061 1181 3098 novem
1191 3061 1276 3098 anuos

192 3117 242 3166 illo
261 3115 364 3167 tributa
385 3115 514 3168 reddente
533 3117 620 3185 pucati
634 3117 743 3168 suerunt
761 3117 906 3168 Israelitaa.
942 3115 990 3167 sed
1004 3133 1036 3166 eo
1054 3133 1124 3166 auno
1146 3115 1276 3169 Sedelias

192 3186 431 3255 delecitoannique
446 3186 571 3256 superbia
589 3195 617 3239 et
631 3185 710 3238 deum
729 3196 757 3239 ot
777 3203 865 3254 regern
884 3185 1150 3255 offenditellecitquo
1172 3195 1203 3238 ut
1223 3188 1277 3238 itc-

192 3274 250 3308 rum
268 3255 518 3309 Nabuchodonosor
543 3259 729 3326 Hierosolyma
754 3265 868 3329 peteret·
912 3258 960 3327 qui
989 3273 1071 3326 quum
1089 3257 1208 3308 secundo
1226 3257 1277 3308 ub-

190 3328 314 3378 sessionis
346 3343 417 3378 anno
441 3328 507 3380 urbe
533 3331 635 3398 potitus
664 3337 748 3392 esset,
780 3336 808 3379 et
834 3327 961 3396 templum
980 3327 1102 3380 incendit
1133 3337 1160 3378 et
1188 3345 1276 3380 coram

190 3395 323 3448 Sedelaiae
351 3398 436 3450 oculis
455 3399 526 3450 filios
546 3401 604 3450 eius
621 3400 736 3451 necavit.
781 3399 867 3468 ipsum
887 3399 1037 3448 excaecavit
1055 3407 1083 3449 et
1102 3398 1275 3466 compedibus

190 3469 308 3520 vinctum
329 3485 389 3519 cnm
410 3472 482 3520 omni
510 3471 612 3540 populo
637 3470 799 3535 Babylonem
830 3467 925 3530 duxit,
944 3470 1088 3520 constituto
1120 3471 1275 3520 relictorum

192 3539 261 3589 duco
280 3535 359 3591 Galla
391 3538 513 3592 Acbilaan
538 3541 602 3591 lilio.
639 3541 711 3592 bunc
730 3539 834 3590 nobiles
861 3539 1038 3590 deseruerunt
1055 3547 1082 3590 et
1101 3539 1275 3602 trucidarunt,

191 3619 218 3660 et
229 3609 378 3661 Chaldaeos
395 3611 599 3662 extimescentes
617 3612 788 3677 emigrarunt,
806 3611 920 3677 proiecti
940 3610 1133 3678 inbegyplom,
1156 3609 1201 3659 ubi
1220 3627 1276 3664 non

189 3681 276 3731 multo
294 3689 356 3748 post
374 3682 490 3749 corrupti
507 3689 577 3744 sunt,
597 3689 739 3732 sectatores
759 3681 822 3730 facti
841 3681 1017 3748 Aegyptiacae
1036 3681 1241 3748 susperstitionis.

259 3750 389 3802 Sadekias
419 3761 508 3802 autem
526 3749 657 3802 abductus
685 3759 726 3802 est
744 3767 827 3818 quarm
846 3753 955 3802 omnino
975 3759 1109 3818 regnasset
1126 3767 1211 3800 annos
1233 3751 1275 3802 11.

191 3827 249 3870 erat
265 3828 321 3871 tum
349 3821 475 3890 temporis
493 3837 609 3872 summus
629 3821 750 3872 sacerdos
773 3823 854 3872 Areas
872 3829 900 3871 ot
913 3820 1110 3890 prophetarunt
1130 3821 1159 3870 in
1176 3819 1276 3873 ludaea

190 3889 316 3942 ieremias
334 3891 363 3942 iu
382 3891 517 3958 Babylone
532 3891 635 3944 Daniel.
672 3893 693 3942 is
715 3892 799 3942 altero
821 3891 896 3941 exilii
914 3900 942 3942 et
959 3890 1092 3942 Sedeliao
1111 3893 1186 3958 regui
1205 3909 1275 3944 anuo

191 3959 384 4026 interpretatus
403 3969 444 4014 est
462 3963 595 4014 somnium
617 3960 937 4026 regiNabuchodouosor.
957 3962 1105 4014 leseliel5
1127 3963 1184 4012 eius
1205 3979 1275 4015 anuo

190 4029 370 4098 prophetavit.
404 4039 499 4102 postea
514 4031 602 4083 Naum
632 4040 660 4082 ot
683 4030 827 4082 illalacbias
845 4031 1049 4099 prophetarunt.
1067 4031 1186 4084 Sedelia
1205 4049 1275 4086 mor-

191 4107 239 4152 luo
256 4097 394 4168 Babylona
421 4117 470 4171 per
496 4101 616 4172 reliquos
642 4101 823 4157 insanorum
844 4109 906 4171 post
925 4102 955 4152 ll
975 4119 1059 4156 anuos
1079 4103 1214 4158 budaliae
1232 4120 1275 4156 ro·-
