2778 4616
252 303 325 374 352
571 305 773 374 scalptos
802 303 1001 372 iNOERwS

253 458 368 542 νῆσσαι
380 454 437 542 τῆν
458 457 646 542 studentior,
665 453 703 522 ού
727 460 942 540 καταύάχομαι
960 459 1207 539 προσκυνεῖσθαι
1226 459 1333 543 αύτῆν.

166 603 172 616 .
249 559 306 622 καί
319 559 412 622 τούτο
432 555 569 634 ἀκούσας
580 563 738 642 συνῆλθεν
757 558 844 642 αύτῷ
856 558 984 630 καίτοῖς
1003 559 1240 639 προειρημένοις
1259 558 1334 623 ἀτά-

250 679 332 732 κτοις
351 658 407 719 κατ’
420 653 638 742 ἀπαιδεύτοις,
660 657 714 720 κατ’
734 651 843 738 ἀγεται
862 654 998 736 ἀρχηγὸς
1017 659 1072 718 κατ’
1089 660 1207 740 πρῶτος
1222 659 1331 724 αύτύν.

250 757 307 820 καί
327 754 436 821 trente
456 757 640 837 ἠγωνίζοντο
661 753 738 819 κατά
762 758 817 837 τῆς
837 755 1002 838 ἀληθειάς,
1026 755 1195 837 ἀρξάμενοι
1220 755 1281 820 ἀπὸ
1299 761 1333 842 τῆ

251 857 440 940 πεντηκοστῇ
469 854 498 917 oi
521 855 594 938 περὶ
612 855 668 919 etr
683 850 830 938 Ἰωάννην
845 851 899 918 rie
912 857 967 918 seni
982 853 1107 918 Ὑλιλάν
1127 854 1278 935 σωρεύειν
1297 855 1354 922 seii

252 951 377 1034 βιβλία·
418 950 470 1015 τὸν
495 954 530 1016 dt
548 953 714 1020 ’Λντώνιον
742 954 970 1036 προσελάβοντο
994 950 1056 1016 ἀπὸ
1076 947 1207 1017 Ἰουλίου
1229 954 1332 1038 μηνός.

225 1051 308 1114 Beni
327 1049 436 1116 λοιπὸν
458 1054 516 1127 ἕως
535 1051 789 1134 τὸνΔεκὲμβριον
808 1054 893 1135 μῆνα
914 1051 1051 1131 κρυπτὸν
1066 1053 1121 1118 τόν
1136 1053 1229 1117 δόλον
1242 1049 1332 1134 εἶχον·

254 1147 451 1236 ἐρωτώμενοι
479 1154 514 1217 di
545 1149 647 1234 ἔλεγον
666 1152 858 1232 ψευδόμενοι
886 1147 936 1216 ὅτι
958 1151 975 1215 o‘
998 1153 1149 1234 βασιλεὺς
1171 1157 1334 1237 ἐπέτρεψα

255 1250 341 1334 ἡμᾶς
361 1253 553 1337 ψηλαφῆσαι
572 1249 611 1314 rei
634 1253 752 1334 βιβλιά,
774 1247 822 1314 ὅτι
841 1255 983 1333 λέγουσιν
998 1253 1085 1336 αύτῷ
1105 1254 1188 1327 τινὲς
1208 1252 1257 1316 ὅτι
1275 1255 1332 1316 ύλί-

256 1374 311 1433 γον
333 1351 448 1432 χρόνον
478 1347 561 1433 ἔχεις
591 1354 797 1433 βασιλεῦσαι,
821 1355 875 1413 κατ’
902 1353 1003 1414 ἕνεκεν
1025 1349 1140 1415 τούτου
1162 1353 1333 1431 ποιούμεθα
1344 1373 1360 1424 ιι

256 1448 314 1534 τῆν
336 1448 472 1534 ζῆτησιν.
525 1453 580 1514 καί
603 1450 677 1532 περί
703 1447 754 1514 τὸν
780 1453 973 1531 Δεκέμβριον
994 1455 1079 1534 μῆνα
1100 1453 1193 1535 δηλοῖ
1209 1449 1262 1516 τὸν
1280 1477 1334 1513 πα-

256 1551 414 1634 τριάρχην
435 1547 450 1611 ὃ
472 1553 566 1616 Λέων
587 1544 638 1614 ύτι
658 1545 675 1611 si
699 1548 773 1624 λαός
791 1551 1027 1626 σκανδαλίζεται
1050 1548 1104 1614 desi
1127 1551 1187 1624 τὰς
1211 1549 1334 1630 εἰκόνας,

257 1655 397 1734 λέγοντες
425 1647 473 1713 ὅτι
504 1654 606 1726 κακῶς
639 1650 739 1725 ariscio
772 1652 1006 1732 προσκυνοῦμεν
1034 1649 1088 1713 κατ’
1106 1645 1157 1714 ύτι
1178 1649 1230 1714 arri
1250 1651 1333 1714 reiro

255 1747 295 1816 τά
318 1745 396 1834 ἔθνη
415 1749 617 1830 κυριεύουσιν
639 1747 749 1832 ἡμῶν·
770 1749 824 1814 κατ’
844 1751 1040 1833 συγκαιάβα,
1063 1751 1153 1833 φησί,
1172 1754 1203 1814 τί
1222 1747 1333 1828 μικρόν,

259 1850 315 1913 καί
335 1853 463 1934 ποιήσον
478 1851 655 1928 οἰκονομίαν
678 1852 723 1924 εἰς
744 1849 798 1912 τὸν
813 1847 967 1934 νενόηται·
984 1846 1021 1911 τὰ
1041 1847 1172 1933 χαμηλὰ
1194 1855 1360 1930 arorites-li

259 1971 328 2030 μεν.
351 1951 435 2014 εἰδὲ
455 1946 499 2032 μῆ
521 1952 639 2030 βούλει,
658 1959 766 2014 πεῖσον
782 1949 867 2031 ἡμᾶς
888 1951 929 2011 δι’
953 1940 993 2010 ού
1012 1951 1115 2012 ἕνεκεν
1132 1955 1334 2030 προσκυνεῖτε,

230 2051 316 2133 Οτῆς
336 2054 462 2134 γραφῆς
479 2046 523 2131 μῆ
546 2047 681 2133 ἐχούσης
694 2048 796 2134 ῥητῶς
805 2048 938 2112 πώποτε.
959 2047 1013 2110 καί
1033 2051 1126 2131 ύηλοῑ
1142 2049 1231 2134 αύτιγῖ
1248 2046 1264 2110 ri
1280 2071 1333 2108 πα-

258 2147 409 2232 τριάρχης
428 2145 478 2213 ὅτι
500 2147 590 2230 ἡμεῖς
603 2145 642 2212 τύ
665 2152 767 2222 καλῶς
787 2151 819 2224 ε”ξ
839 2147 940 2230 ἀρχῆς
960 2147 1014 2210 καί
1035 2141 1161 2210 ἀνωθεν
1181 2145 1334 2228 ὁρισθέντα

167 2306 170 2312 .
258 2241 320 2312 iuti
345 2271 379 2311 τε
408 2251 471 2312 τοῖν
502 2247 684 2312 ἀποστόλων
702 2245 757 2310 καί
775 2251 837 2311 τάν
867 2249 1010 2328 ποτέρων
1035 2237 1105 2312 σύτο
1126 2241 1332 2329 παρασαλεύο.

257 2371 317 2430 μεν
335 2341 407 2412 ούτε
438 2343 662 2432 περισσότερόν
680 2371 712 2410 τι
742 2350 776 2412 ε’ν
806 2347 915 2420 αὐτοῖς
936 2345 1170 2426 οἰκονομοῦμεν,
1190 2350 1247 2410 rori
1266 2339 1359 2406 tro-ee

257 2447 373 2514 στόλου
395 2446 537 2528 λέγοντος
555 2441 603 2510 ὅτι
623 2449 677 2510 καί
695 2446 753 2511 etv
773 2447 862 2529 ἡμεῖς
880 2441 903 2528 ῆ
929 2439 1057 2528 ἀγγελος
1078 2449 1112 2524 ἐξ
1134 2448 1271 2528 ούρανοῦ
1289 2443 1331 2504 εί·

258 2550 457 2634 αγγελιζηται
470 2545 546 2628 ύμῖν
562 2553 637 2631 παρ’
653 2541 956 2630 ύεύαγγιλισάμεθα
978 2545 1066 2626 ύμῖν,
1087 2543 1235 2630 ἀνάθεμα
1255 2543 1330 2608 ἔστω.

330 2731 374 2784 21.
394 2721 446 2787 ede
464 2729 518 2782 add
535 2729 617 2784 Comb
712 2729 755 2782 22.
777 2721 854 2804 nupsi
874 2730 904 2784 P:
924 2747 982 2784 eorr
999 2731 1082 2784 Comb

262 2893 372 2946 adorare
396 2893 587 2945 consentiam.’'
629 2893 670 2944 iris
691 2893 800 2958 auditis,
820 2909 879 2944 cum
903 2911 935 2945 eo
960 2903 988 2946 et
1006 2897 1133 2964 praefatis
1151 2893 1329 2964 incompositae

262 2966 361 3018 mentis
381 2973 409 3016 et
427 2964 563 3018 illiteratis
584 2963 737 3018 horninibus
756 2967 891 3028 convenit,
909 2973 937 3016 et
955 2965 1232 3038 princepsseaputque
1252 2977 1329 3015 eorum

262 3035 423 3088 instituitur.
461 3037 661 3088 contendebant
677 3036 757 3103 igitur
774 3037 803 3088 in
822 3037 961 3087 veritatem
981 3053 995 3088 a
1015 3047 1182 3106 pentecoste,
1198 3037 1244 3107 qui
1262 3037 1328 3085 losn-

262 3125 324 3159 nem
346 3115 373 3160 et
387 3107 502 3175 iiyiilarn
524 3107 714 3178 sequebantur,
735 3123 889 3158 coacervare
907 3107 1005 3158 libros:
1029 3109 1097 3160 luiio
1115 3127 1179 3161 vero
1194 3123 1277 3159 mense
1293 3119 1329 3152 so·

261 3180 331 3229 eiuro
360 3176 540 3229 adiunxerant
565 3178 728 3240 Antonium,
754 3186 783 3228 et
811 3177 937 3246 deinceps
963 3177 997 3228 od
1018 3179 1193 3231 Decembrem
1211 3175 1328 3228 oecultum

261 3248 392 3318 gerebant
409 3248 511 3298 doloru.
546 3248 702 3314 interrogati
721 3265 783 3300 vero
800 3247 868 3300 salso
889 3249 1088 3316 respondebant
1106 3252 1207 3302 “libros
1224 3261 1329 3317 perscru-

261 3321 311 3372 tari
330 3319 446 3370 iniunxit
465 3321 621 3386 imperator,
639 3317 836 3388 quodquidam
855 3321 1082 3386 annuntiaverint,
1100 3321 1252 3374 brevissimo
1270 3325 1327 3366 tem·

260 3407 326 3460 pore
348 3389 499 3456 imperabis.
535 3387 615 3440 buius
635 3407 712 3440 causa
733 3407 844 3440 examen
864 3390 1053 3442 insb'tuiruus.''
1088 3393 1157 3444 eirca
1168 3387 1326 3442 Decembrem

261 3478 325 3512 vero
354 3475 471 3510 mensem
502 3459 555 3510 Leo
588 3459 755 3529 patriarchae
787 3461 919 3527 significat
947 3461 1109 3528 “imagiuum
1129 3479 1208 3514 causa
1226 3457 1327 3529 populea!

262 3528 423 3591 offenditur,
451 3529 585 3582 dicentesa
615 3547 736 3600 perverse
763 3530 902 3582 adoramus
924 3531 1000 3594 illas,
1022 3541 1049 3584 et
1068 3543 1208 3602 propterea
1228 3526 1326 3596 penedes

262 3601 342 3654 nobis
370 3600 551 3650 dominantur.
588 3599 788 3652 couriescende''
815 3601 911 3668 inquid
933 3603 1109 3666 “modicum,
1126 3613 1154 3655 et
1171 3601 1326 3654 moderamen

263 3671 297 3724 nd
317 3673 444 3741 popoiuru
468 3671 547 3732 babo,
566 3679 592 3720 et
610 3689 679 3740 quae
701 3681 763 3724 sesrrt
783 3671 887 3724 abiecta
909 3673 1099 3726 rescindamus.
1136 3677 1157 3726 si
1177 3691 1229 3724 uun
1248 3681 1326 3719 asseu-

264 3743 347 3804 tiaris,
366 3741 462 3792 exhibe
484 3751 511 3792 et
532 3741 660 3809 persuade
678 3743 754 3792 euius
772 3743 875 3808 gratia,
895 3745 1021 3814 scriptura
1041 3743 1108 3798 isaeo
1128 3745 1225 3796 diserte
1241 3733 1325 3802 audibi

264 3823 418 3872 asserente,
448 3811 565 3864 adoretis
592 3813 745 3879 irnaginee.’'
786 3811 928 3882 respondet
951 3815 1101 3884 patriarcha
1127 3816 1210 3866 “haee
1233 3819 1325 3880 quasa

262 3883 397 3952 principio
416 3891 444 3934 et
460 3883 645 3952 superioribus
664 3883 829 3952 temporibus
842 3883 875 3934 ab
896 3887 1027 3950 apostolis
1044 3897 1072 3938 et
1093 3887 1211 3956 patribus
1229 3877 1325 3934 definita

263 3961 335 4016 suut,
357 3953 434 4004 nulia
452 3957 556 4004 ratione
576 3955 742 4016 innovamus,
761 3971 811 4006 nec
826 3956 941 4022 emplius
959 3957 1025 4025 quid
1040 3956 1229 4010 moderandum
1247 3963 1325 4002 cenae·

264 4037 321 4072 mus
340 4021 373 4072 ab
394 4024 517 4090 apostolo
537 4023 659 4074 dicente:
680 4026 701 4075 si
720 4025 763 4074 vel
781 4027 889 4092 angelus
910 4025 944 4078 de
962 4029 1037 4078 caelo
1050 4026 1243 4080 annuntiaverit
1258 4031 1324 4090 pm·

263 4099 304 4142 ter
330 4089 357 4142 id
377 4093 449 4161 quod
479 4093 554 4144 vobis
584 4095 805 4156 denuntiavimus,
824 4096 963 4148 anathema
982 4099 1024 4149 sit
1060 4117 1114 4169 qua
1135 4096 1324 4150 τοιούτοισιν

263 4159 404 4214 adoramus
421 4179 525 4224 crucem
544 4173 571 4216 et
583 4165 761 4234 evangelium,
781 4165 871 4220 eadem
893 4169 1019 4238 imagines
1037 4187 1200 4231 veneramur,
1217 4157 1324 4236 quando»
