2756 4620
192 203 262 276 roe
480 180 656 294 [meurs
687 183 977 296 entuumm]

186 356 277 446 ἥλιον
300 356 355 424 καί
385 356 515 444 σελήνην
545 360 866 447 κατεσκεύασεν,καί
895 361 1045 444 ἀγγέλους
1065 361 1287 444 περιεστῶτας

188 463 285 548 ούτρῖ,
309 462 365 526 καί
390 457 526 544 βροντὴν
558 461 612 524 διὰ
634 463 779 544 μηχανῆς
809 461 963 544 γίνεσθαι,
984 457 1040 524 καί
1057 461 1185 542 βρέχειν
1204 455 1288 524 όταν

187 559 374 644 θελήσειαν·
415 554 497 644 deep
519 557 537 624 δ
559 562 711 641 βασιλεύς
740 560 786 636 είς
805 564 864 644 γῆν
881 562 1101 641 καταστρέψας
1122 557 1286 643 κονιορτόν

187 659 366 724 ἀπετέλεσε.
414 661 517 724 ταύτα
539 661 575 723 δὲ
596 660 761 744 Σόρβαρος
788 660 823 724 όν
841 659 880 745 τῇ
896 659 1063 739 Ῥωμαίων
1081 661 1122 746 γῇ
1141 659 1285 734 δεούσας

187 757 307 844 χρόφει
335 756 416 841 πρός
431 755 618 842 Ἡράκλειον
650 759 841 840 ἀπολογίαν,
869 753 912 834 nir,-
941 755 991 822 δτι
1013 760 1074 840 ούχ
1093 754 1173 822 ἐπιόν
1197 753 1313 820 tatto

188 855 296 944 χνιόμη
317 855 468 940 Χοσρόου
490 853 719 942 διεπραττόμην
745 857 783 920 τό
804 853 885 921 κατὰ
907 858 971 922 τεόν
986 856 1161 937 Ῥωμαίων.
1202 851 1283 922 doti

188 957 341 1042 βασιλεύς
374 955 427 1020 διό
455 956 651 1041 γραμμάτων
680 958 846 1041 εἰρηνικῶν
874 960 1143 1039 προσεκαλέσατο·
1190 956 1210 1020 δ
1245 959 1287 1021 dd

188 1051 247 1144 ἧκε
276 1053 357 1141 πρός
391 1053 488 1120 αὐτόν
517 1057 551 1120 ἒν
583 1056 734 1136 Περσίδι.
782 1053 981 1138 αὐαζητὴοας
1010 1049 1067 1120 ούν
1095 1053 1289 1138 όβασιλεύς

190 1154 267 1234 τούς
286 1152 490 1241 πρεσβευτάς,
512 1154 568 1220 καί
580 1153 698 1236 μαθών
717 1152 760 1229 σός
779 1151 842 1218 sind
868 1154 1017 1238 Χοσρόου
1040 1157 1289 1245 δεινῶς-ἀνηρό-

192 1258 435 1340 incontingenti
455 1256 607 1338 πλησθεὶς
627 1256 684 1318 ούκ
703 1255 854 1342 ἐφείσατο
865 1251 1079 1340 κατασφάξαι
1099 1255 1158 1340 τὴν
1179 1261 1289 1322 πᾶσαν
1300 1265 1337 1317 tt)

193 1354 343 1435 Περσίδα
363 1357 398 1419 ἐν
419 1351 521 1418 ἔτεσιν
542 1351 583 1436 ἕξ,
603 1353 647 1440 τῷ
669 1353 703 1416 δὲ
725 1348 849 1441 ἑβδόμῳ
868 1349 932 1418 ἔτει
951 1351 989 1418 τό
1012 1358 1102 1436 τίμια
1121 1355 1199 1434 ξύλα
1219 1351 1288 1420 eiad

193 1456 355 1536 Περσίδος
383 1451 549 1535 α’ναλαβοόν
582 1452 636 1516 καί
655 1454 700 1528 είς
720 1451 930 1536 Ἰερουσαλὴμ
959 1451 1210 1537 παραγενόμενος
1233 1456 1293 1518 κατ’

193 1558 293 1620 ταῦτα
315 1551 450 1634 ύφιόσας
471 1549 551 1634 μετὰ
572 1554 676 1637 χαρᾶς
697 1555 753 1616 καί
771 1547 893 1638 εἰρήνης
914 1555 968 1620 εἰεί
989 1553 1291 1620 normanorum-

195 1655 465 1738 λινύπέστρεφεν.
530 1674 531 1678 ’

278 1754 346 1817 Ἐπί
366 1753 465 1817 αύτού
498 1750 639 1838 όνεφόνη
667 1749 824 1834 Μοιόμεθ
846 1750 865 1816 δ
886 1756 950 1818 τοῖν
973 1756 1162 1840 Σαραιιηνῶν
1183 1754 1290 1840 δρχη-
1300 1765 1335 1816 15

195 1854 266 1937 yde,
297 1855 332 1916 εἰι
363 1855 420 1934 τῆς
439 1855 603 1936 Αίθρίβου
634 1849 796 1935 οἷνελθοόν,
818 1853 873 1918 καί
891 1859 934 1940 τῷ
956 1856 1086 1936 βασιλεῖ
1104 1849 1292 1936 ύιιαντὴσας

196 1951 278 2036 μετὰ
308 1950 451 2036 πλήθους
482 1955 537 2016 καί
563 1952 751 2036 προσπεσών
779 1947 869 2040 αύτῷ
889 1952 945 2018 κατ’
964 1953 1060 2018 τόπον
1080 1952 1292 2036 αἰτησόμενος

198 2057 244 2129 εἰς
265 2056 443 2136 κατοίκησιν
462 2051 612 2136 τετύχηκε
632 2057 690 2136 τῆς
710 2054 859 2137 ἐφέσεως.

279 2153 463 2235 Ἀναγκαῖον
483 2153 519 2216 δὲ
540 2151 676 2233 ἡγοῦμαι
698 2154 773 2236 περί
786 2154 843 2236 τῆς
862 2154 920 2215 τού
933 2147 1088 2232 Modus&
1104 2153 1213 2235 μενεός
1231 2175 1294 2233 μι-

200 2248 273 2334 κρόν
299 2275 330 2316 τι
361 2249 585 2334 διηγήσασθαι.
648 2253 693 2338 τῷ
719 2249 824 2316 τοίνυν
852 2250 1017 2339 δωδεκάτῳ
1044 2255 1101 2316 τού
1134 2248 1336 2330 Μωόμεθλῠ

199 2350 315 2437 χρόνῳ,
333 2351 366 2414 όν
386 2347 451 2415 ἔτει
470 2352 542 2444 Ιι,·ρλ’
562 2351 623 2416 tut
649 2355 777 2427 κειλτεους
797 2351 927 2435 κόσμου,
949 2353 1141 2427 ίνδικτιοόνος
1164 2349 1194 2432 ί,
1212 2353 1294 2435 μηνί

200 2451 401 2538 Σεπτεμβρίου
421 2453 517 2539 τρίτη,
538 2452 642 2540 ἡμέρᾳ
661 2455 794 2539 πέμπτη,
816 2451 934 2534 ἐγένετο
947 2450 1101 2532 θεμότιον
1114 2455 1176 2515 τεόν
1197 2451 1292 2532 teyn-

200 2552 303 2634 ρηνιόν
334 2549 422 2635 παρὰ
443 2548 608 2638 Στεφάνου
627 2553 868 2638 Ἀλεξανδρείας
894 2554 1112 2625 κανονίσαντος
1137 2551 1293 2634 κρατῆσαι

199 2647 332 2726 τούτους
356 2652 390 2716 ἐν
410 2650 504 2734 ἰσχύϊ
532 2647 585 2736 ἔτη
615 2650 783 2736 τριακόσια
810 2654 917 2734 ε’ννὲα,
939 2651 973 2716 ἐν
995 2651 1031 2714 δὲ
1051 2649 1215 2736 συστροφῇ
1237 2647 1295 2713 καί

204 2929 299 2983 domus
320 2929 447 2996 sedentis,
467 2931 497 2982 in
515 2945 570 3002 quo
589 2929 678 2983 sidera
705 2939 733 2984 et
751 2931 838 2984 solum
855 2938 884 2983 et
910 2931 1001 2984 lunam
1024 2931 1143 2982 fecerant
1162 2936 1190 2980 et
1207 2945 1291 2995 ange-

203 2999 245 3052 los
262 3003 463 3053 circumstantes
483 3010 510 3053 et
527 3003 628 3054 tonitru
647 3011 678 3054 ut
696 3011 754 3054 arte
772 3003 829 3054 fieri
848 3011 939 3070 posset
956 3011 983 3054 et
1000 3003 1086 3054 imber
1102 3000 1211 3070 quaudo
1229 3001 1290 3050 vel-

202 3073 270 3124 lent.
307 3089 377 3141 quae
397 3091 442 3124 rea
461 3071 535 3124 irumi
553 3073 658 3124 deiecta
675 3073 708 3124 ad
736 3073 872 3142 pulverem
893 3073 1002 3142 redegit.
1039 3071 1107 3123 haec
1125 3089 1207 3140 quum
1228 3071 1291 3122 Sar-

200 3141 282 3194 barus
300 3143 328 3193 in
348 3145 524 3195 Romanorum
545 3151 614 3194 terra
633 3143 761 3196 audiisset
778 3144 911 3207 Heraclio,
930 3161 958 3196 se
980 3159 1027 3213 per
1045 3144 1148 3194 litteras
1168 3143 1292 3210 purgavit

201 3230 259 3265 non
281 3231 329 3264 sua
347 3222 442 3282 sponte
463 3213 510 3266 sed
535 3215 609 3266 iussu
628 3217 762 3268 Chosroae
778 3233 807 3266 so
832 3223 923 3266 eontra
946 3217 1076 3266 Romanos
1097 3231 1150 3264 rem
1169 3217 1289 3280 gessisse.

202 3301 283 3354 quem
307 3301 352 3336 rea
376 3292 486 3354 propter
513 3287 636 3356 pacificas
655 3287 758 3338 littores
783 3287 935 3351 arcessivit;
961 3285 1008 3336 ilie
1032 3302 1096 3336 voro
1122 3283 1156 3334 ad
1178 3301 1238 3334 eum
1261 3285 1291 3336 iu

201 3354 336 3408 Persidem
354 3357 436 3408 venit
472 3357 612 3425 postulans
631 3357 730 3408 deinde
744 3375 790 3409 rex
809 3359 921 3425 legatos,
936 3365 1076 3426 postquam
1090 3354 1178 3406 audiit
1194 3352 1291 3404 erude-

201 3423 267 3477 liter
288 3442 334 3476 eos
353 3443 410 3479 esse
428 3425 573 3478 aChoaroe
594 3429 759 3490 interiectos,
782 3429 866 3481 iratus
887 3445 942 3478 non
961 3443 989 3478 se
1007 3426 1141 3478 continuit
1159 3426 1225 3493 quin
1245 3433 1292 3476 to-

200 3503 256 3548 tam
281 3496 416 3550 Persidem
445 3513 491 3548 sea
508 3515 592 3550 annos
613 3497 837 3568 depopularetur3
856 3499 970 3568 septimo
998 3506 1087 3548 autem
1106 3497 1186 3547 sacris
1209 3496 1290 3561 lignis

201 3569 343 3618 ePerside
368 3569 494 3637 sumptis,
519 3578 663 3638 postquam
690 3569 875 3638 Hierosolyma
901 3569 974 3622 venit
1000 3577 1029 3621 et
1046 3567 1095 3619 itta
1115 3569 1208 3630 erexit,
1229 3584 1291 3618 cnm

201 3638 300 3706 gaudio
321 3645 349 3690 et
366 3655 431 3707 paee
452 3637 539 3707 Cpiirn
558 3639 646 3690 rediit.

268 3711 306 3759 Eo
337 3716 465 3776 regnante
491 3711 618 3778 apparuit
642 3707 779 3762 Moametir
808 3709 1000 3762 Saracenorum
1027 3710 1081 3762 «lux
1109 3706 1291 3760 ex'detlrribo

200 3781 347 3831 ascendens
368 3788 396 3832 et
414 3779 468 3846 regi
488 3797 547 3831 cum
567 3798 660 3849 magua
679 3780 855 3832 multitudin·
880 3781 1114 3832 obviumveuiens
1133 3777 1211 3832 etad
1233 3781 1291 3831 eiua

201 3846 284 3916 perles
305 3867 334 3900 se
355 3857 526 3920 prosternent
544 3851 632 3904 iocum
651 3851 732 3919 petiit
751 3849 784 3902 ad
803 3849 989 3914 habitandum,
1009 3869 1087 3920 quem
1107 3859 1203 3901 nactus
1224 3858 1274 3901 est.

271 3917 456 3971 Necessarium
474 3921 581 3972 videtur
608 3921 641 3973 de
663 3919 797 3972 Mermetir
819 3939 903 3990 pauca
923 3939 1039 3974 narrare.
1075 3939 1146 3972 anno
1168 3921 1226 3972 eius
1246 3937 1290 3972 ac-

201 3985 265 4038 iatis
286 3987 326 4050 12,
349 3989 442 4040 mundi
460 3993 542 4044 creati
561 4008 633 4043 anuo
651 3991 729 4054 6130,
750 3991 898 4044 indictione
920 3993 960 4056 10,
974 4009 1065 4044 menae
1084 3989 1251 4060 Septembris
1263 3991 1289 4050 3.

201 4055 246 4110 dio
265 4057 281 4110 5
298 4059 447 4130 praedictio
466 4060 538 4116 iacta
556 4071 597 4118 εει
614 4065 794 4134 Agaronorum
820 4081 835 4117 a
859 4063 996 4138 Stephano
1017 4062 1212 4132 ttsaauduoo.
1232 4063 1290 4122 iure
