2756 4620
194 259 266 328 τυυ
496 233 667 346 [uuours
697 233 985 348 ouauuuucr]

190 404 309 495 ἤνεγκε.
352 408 459 496 φη’μης
487 405 544 477 οῦν
563 411 638 494 περὶ
657 414 756 476 αδτσῦ
783 409 974 496 διοθεοῦσης
1003 411 1173 499 ιιρατηθεδς
1195 404 1298 502 ἤχθη

187 503 403 599 Ἀναστασδῳ.
446 511 634 598 προσήνεγκε
656 514 692 576 δέ
710 514 754 600 τῷ
771 516 902 593 βασιλεῖ
917 514 1014 576 ἲνυιου
1027 510 1203 599 ὁλόχρυσον
1222 539 1297 597 χα.

193 608 281 674 λινδν
316 610 371 675 διὰ
399 617 623 696 μαργαριτῶν·
677 609 714 676 δν
744 609 853 691 λαβσδν
882 607 899 674 ὅ
933 609 1084 692 βασιλεῦς
1112 611 1175 698 ἔφη
1195 613 1300 702 αῦτῷ

192 701 310 785 έέῦντας
329 709 369 775 οὐ
393 713 448 792 ἐμὲ
472 711 512 776 ου’
524 709 720 794 κομαοὶγεις.”
742 707 872 794 ἐξώρισε
892 713 927 776 δὲ
947 709 1042 776 oriris
1057 711 1103 788 εἴς
1124 737 1155 777 τι
1180 712 1294 798 φροῦ-

193 832 277 894 ρισν,
306 807 383 874 ἔνθα
411 815 466 874 κατ’
491 814 626 898 τελευτᾷ.
692 809 746 876 tut
781 811 881 876 αὐτοῦ
913 815 1085 896 Δευτέριος
1116 816 1327 885 εἰτίσκοποςὸ

192 911 373 986 Βυζαντίου
389 909 567 994 Ἀρειοινός,
587 907 750 993 βάρβαρόν
770 935 838 974 τινα
865 915 1040 992 βαπτίζων,
1060 909 1212 996 ἐτόλμησε
1234 912 1295 976 εἰ·

193 1015 263 1070 τιεῖν
281 1011 484 1089 *βαπτίζεται
505 1005 522 1071 δ
546 1013 634 1073 δεῖνα
656 1013 701 1085 εἰς
722 1003 820 1090 ὄνομα
843 1009 962 1094 πατρὸς
996 1013 1038 1075 δι’
1055 1008 1131 1076 υἱοῦ
1149 1013 1183 1075 ἐν
1203 1011 1292 1099 ῦγέῳ

152 1101 159 1118 '
192 1104 382 1188 πνεῦματι·”
425 1111 479 1172 κατ’
499 1111 617 1184 εδθὲως
639 1109 795 1194 ἐξηράνθη
815 1108 834 1195 ἡ
854 1110 1074 1194 κολυμβήθρα.
1116 1109 1190 1176 ὅδὲ
1203 1107 1293 1193 βάρ-

192 1213 292 1292 βαρος
321 1207 462 1296 ἔμφοβος
486 1211 649 1292 γενόμενος
678 1209 795 1292 γυμνὸς
826 1207 943 1296 ἔφυγεν
960 1213 994 1276 ἐν
1014 1215 1053 1298 τῇ
1074 1209 1219 1298 α’μφόδιρ,
1240 1211 1292 1285 οῦς

193 1311 227 1386 ἐξ
245 1307 345 1374 αῦτοῦ
360 1312 435 1374 πᾶσι
447 1313 628 1393 γνωσθῆναι
645 1307 681 1374 τὸ
704 1315 829 1390 θαῦμα.
852 1311 910 1375 δῦο
925 1308 1101 1375 ἐπισκόπων
1115 1313 1288 1396 α’μφισβη-
1302 1323 1343 1376 10

191 1406 332 1473 τοῦνταν
352 1411 407 1474 ἐπὶ
426 1410 647 1488 Ἀναστοσέου,
679 1407 849 1492 ῦρθοδόξσυ
870 1413 925 1474 κατ’
942 1411 1123 1494 Ἀρειανοῦ,
1147 1411 1203 1474 καί
1222 1413 1290 1474 τοῦ

191 1510 250 1590 μὲν
268 1507 441 1594 Ἀρειανοῦ
462 1509 660 1573 διαλεκτικοῦ
679 1501 766 1586 ὄντος
784 1513 841 1574 τοῦ
863 1512 899 1573 δὲ
918 1509 1091 1594 ὄρθοδόξου
1110 1513 1288 1591 θεοσεβοῦς

191 1608 247 1670 καί
266 1611 391 1688 πιστοῦ,
419 1605 437 1672 δ
458 1605 625 1690 δρθόδοξος
643 1607 824 1690 προύτεινεν
844 1603 925 1673 οῦστε
947 1609 1126 1695 α’φεμένους
1146 1611 1209 1674 τῶν
1230 1606 1287 1673 λῦ-

189 1729 253 1788 γονν
267 1706 311 1781 εἰς
332 1704 438 1790 πυράν
455 1709 609 1772 εἰσελθεῖν
627 1708 682 1772 καί
700 1703 802 1784 οῦτοος
824 1710 993 1792 δειχθῆναι
1010 1706 1067 1772 τὸν
1091 1711 1285 1790 εῦσεβέοτε.

192 1827 262 1887 ρον·
306 1809 362 1870 τοῦ
383 1808 419 1870 δὲ
441 1809 614 1890 Ἀρειανοῦ
635 1811 726 1872 τοῦτο
759 1811 1038 1892 παραιτησαμένου
1058 1807 1156 1884 αῦτδς
1178 1812 1338 1874 eloai-15

191 1901 261 1970 θοῦν
291 1902 354 1968 αἀὀ
381 1909 435 1991 τῆς
456 1909 560 1990 πυρᾶς
580 1909 732 1990 διελέγετο
752 1901 808 1972 κατ’
826 1905 956 1993 ἅπαθὴς
979 1906 1181 1994 ἐφυλάττετο.

517 2065 671 2130 'lorozam
688 2067 704 2124 δ
724 2069 798 2143 Θρᾷξ
816 2064 831 2124 δ
848 2070 946 2142 μέγας.

278 2189 441 2260 Ἰουστῖνος
462 2184 479 2250 ῦ
501 2187 596 2273 Θρᾷξ,
619 2186 637 2251 ὅ
656 2191 754 2271 μέγας
783 2191 817 2253 έν
836 2187 985 2268 πολέμοις
1002 2186 1056 2250 κατ’
1075 2187 1216 2271 ζηλοοτης
1237 2180 1288 2250 οῦν

195 2285 250 2369 τῆς
268 2283 443 2370 ὄρθοδῦξου
466 2291 616 2368 αι’στεως,
647 2279 684 2373 ἦν
719 2287 773 2354 κατ’
799 2291 844 2376 τῷ
864 2285 989 2369 σοι’ματν
1021 2290 1162 2370 μεσῆλιξ,
1187 2285 1287 2369 stipsis,-

194 2383 269 2462 τοῦς
299 2379 406 2466 ῦμους
434 2388 491 2450 καί
516 2383 554 2451 τοὶ
577 2389 708 2469 στέρνα,
731 2386 840 2464 πολιὸς
864 2385 942 2469 μετὰ
965 2387 1130 2469 ου’λότητος
1149 2387 1205 2450 καί
1225 2387 1337 2457 δτι-90

194 2487 284 2560 oslac
303 2484 409 2571 κόμης.
460 2485 589 2572 εἀηνθει
622 2489 658 2554 δὲ
678 2490 722 2576 rigi
745 2485 902 2576 αροσῦντιρ
922 2487 1023 2552 αὐτοῦ
1045 2483 1186 2570 ἔρευθος,
1209 2489 1287 2568 βλο-

265 2674 293 2726 4.
313 2671 370 2758 οῦιιι
390 2671 544 2742 διτατῆσεις
564 2673 700 2729 Cedreuus
718 2677 730 2728 l
747 2693 775 2750 p.
795 2675 906 2731 62916.
1028 2673 1070 2726 13.
1090 2667 1287 2746 δφεμένοινῦ

267 2745 309 2797 15.
326 2763 390 2806 τους
409 2746 620 2818 εὐσεβεστέρους
637 2747 657 2800 C

197 2897 302 2950 l'rsuuru
325 2914 436 2950 aureum
456 2905 484 2952 ot
496 2901 644 2968 margaritis
664 2907 823 2962 consertum,
842 2915 898 2970 quo
922 2907 1033 2968 accepto
1053 2915 1098 2949 rex
1114 2897 1283 2966 “proiecto,”

197 2969 298 3038 inquit,
316 2975 376 3021 “ms
386 2987 441 3022 nou
458 2971 602 3041 decipies?
619 2971 749 3038 relegarit
765 2969 899 3023 homiuem
911 2969 1089 3022 incastelluur
1103 2968 1149 3020 ubi
1161 2976 1283 3020 mortuus

198 3048 248 3092 est.
284 3039 335 3092 sub
354 3039 406 3092 hoc
417 3042 558 3096 Deutarius
571 3043 688 3110 Byzantii
702 3045 843 3112 opiscopus
855 3043 968 3094 Arianos
985 3039 1125 3092 barbarum
1145 3039 1283 3110 quondam

198 3109 337 3180 baptimus
362 3111 451 3163 dicero
481 3131 559 3166 ausus
577 3123 633 3166 est:
661 3113 830 3183 “baptimus
850 3113 879 3164 iu
909 3129 1008 3163 nomeu
1027 3111 1109 3179 putris
1127 3127 1177 3179 psr
1198 3109 1284 3160 lilium

199 3183 228 3233 iu
245 3191 364 3234 sanctum
383 3185 541 3252 spiritum;''
565 3193 623 3237 tum
641 3186 731 3236 statim
751 3184 856 3236 labrum
880 3183 1031 3252 baptisterii
1050 3183 1210 3234 exsiccatum
1230 3188 1283 3246 τινες

198 3252 327 3304 barbarus
344 3269 407 3305 voro
427 3257 534 3307 territus
554 3255 581 3307 iu
600 3257 716 3326 plateam
735 3256 841 3324 aufugit
858 3255 956 3318 nudus,
975 3254 1012 3305 ita
1033 3261 1064 3304 ut
1084 3269 1176 3302 omues
1194 3251 1228 3300 ab
1249 3267 1283 3302 so

197 3325 354 3376 miraculum
375 3333 574 3391 ooguososreut.
611 3327 716 3378 duobus
736 3326 869 3396 episcopis
893 3325 942 3376 sub
961 3323 1100 3376 Anastasio
1119 3322 1285 3390 disputanti·

198 3395 256 3456 bus,
274 3393 425 3446 orthodoxo
454 3406 482 3449 et
500 3398 615 3460 Ariauo,
641 3415 724 3467 quum
742 3406 814 3448 esset
833 3397 947 3448 brianus
967 3395 1132 3454 dialecticus,
1153 3391 1284 3448 orthodo-

198 3483 247 3516 xus
264 3483 327 3518 varo
346 3468 406 3536 pius
426 3476 456 3536 pt
475 3469 573 3532 fidelis,
590 3468 757 3520 orthodoxus
776 3467 916 3536 proposuit
934 3473 964 3516 ut
982 3467 1075 3518 relicta
1096 3465 1284 3533 disputatione

198 3539 227 3587 iu
245 3539 332 3605 iguem
349 3539 451 3590 inirent
468 3548 496 3591 et
513 3541 550 3591 ita
571 3541 701 3610 pietatem
727 3540 880 3610 probarent.
918 3535 992 3605 quod
1009 3555 1090 3606 quum
1110 3538 1222 3586 Asianus
1244 3553 1285 3586 re-

199 3617 326 3674 cusasset,
344 3611 403 3680 ipse
423 3611 486 3663 iuiit
512 3619 541 3663 et
559 3629 591 3664 ex
607 3601 697 3663 siradio
716 3611 772 3680 igni
800 3608 881 3662 rerba
899 3607 965 3660 iecit
986 3615 1014 3660 et
1031 3608 1173 3660 incolumis
1193 3622 1287 3660 serra-

201 3685 243 3731 lus
264 3688 314 3732 est.

618 3801 740 3854 losrruus
761 3799 863 3853 Τσαιτ.

270 3919 386 3972 lustinus
404 3919 494 3973 Thrax
522 3925 631 3989 maguus
650 3921 724 3973 bello
753 3930 781 3974 et
801 3939 862 3973 acer
886 3919 1053 3972 orthodoxae
1071 3919 1135 3972 fruel
1155 3927 1286 3986 sectator3

202 3990 320 4054 corporis
338 3999 440 4043 statiua
457 3999 516 4044 orat
533 3993 668 4054 mediocri,
697 4001 807 4062 pretore
827 4000 855 4044 et
872 3991 991 4043 humeris
1010 3992 1079 4054 latis,
1098 3991 1171 4041 cauis
1190 3991 1287 4041 simul-

202 4075 256 4126 que
273 4059 376 4110 villosis
401 4061 529 4126 crinibus,
548 4065 625 4115 laciei
652 4065 721 4116 troui
739 4066 825 4114 iuerat
841 4061 931 4113 rubor.
967 4063 1085 4114 lustinus
1109 4061 1286 4124 Vitalianum,

203 4127 237 4180 δε
254 4145 308 4201 quo
327 4127 427 4185 dictum
446 4141 497 4197 est,
514 4135 672 4188 familiarem
690 4134 740 4186 sibi
752 4131 875 4187 adiunxit
892 4131 1027 4186 etduosru
1045 4149 1107 4186 araur
1125 4133 1201 4197 lacit,
1219 4149 1286 4185 ooa-
